<?xml version="1.0" encoding="UTF-8"?>
<!DOCTYPE html PUBLIC "-//W3C//DTD XHTML 1.0 Transitional//EN"
    "http://www.w3.org/TR/xhtml1/DTD/xhtml1-transitional.dtd">
<html xmlns="http://www.w3.org/1999/xhtml" xml:lang="en" lang="en">
 <head>
  <title>
</title>
<meta http-equiv="Content-Type" content="text/html;charset=utf-8" />
  <meta name='ocr-system' content='tesseract 3.04.00' />
  <meta name='ocr-capabilities' content='ocr_page ocr_carea ocr_par ocr_line ocrx_word'/>
</head>
<body>
  <div class='ocr_page' id='page_1' title='image "4774689_0035.png"; bbox 0 0 2690 3597; ppageno 0'>
   <div class='ocr_carea' id='block_1_1' title="bbox 824 239 838 250">
    <p class='ocr_par' dir='ltr' id='par_1_1' title="bbox 824 239 838 250">
     <span class='ocr_line' id='line_1_1' title="bbox 824 239 838 250; baseline 0 3347"><span class='ocrx_word' id='word_1_1' title='bbox 824 239 838 250; x_wconf 95' lang='lat' dir='ltr'> </span> 
     </span>
    </p>
   </div>
   <div class='ocr_carea' id='block_1_2' title="bbox 701 230 2264 329">
    <p class='ocr_par' dir='ltr' id='par_1_2' title="bbox 701 230 2264 329">
     <span class='ocr_line' id='line_1_2' title="bbox 701 230 2264 329; baseline -0.001 -30"><span class='ocrx_word' id='word_1_2' title='bbox 701 274 710 283; x_wconf 84' lang='lat'><em>&#39;</em></span> <span class='ocrx_word' id='word_1_3' title='bbox 754 287 757 289; x_wconf 94' lang='lat'><em>-</em></span> <span class='ocrx_word' id='word_1_4' title='bbox 781 263 873 329; x_wconf 63' lang='lat' dir='ltr'>Aer.</span> <span class='ocrx_word' id='word_1_5' title='bbox 872 230 953 299; x_wconf 84' lang='grc' dir='ltr'>Μ.</span> <span class='ocrx_word' id='word_1_6' title='bbox 955 265 1169 303; x_wconf 60' lang='lat' dir='ltr'>nonaum</span> <span class='ocrx_word' id='word_1_7' title='bbox 1186 272 1264 297; x_wconf 70' lang='lat' dir='ltr'>nun</span> <span class='ocrx_word' id='word_1_8' title='bbox 1283 262 1431 298; x_wconf 63' lang='lat' dir='ltr'>futui-m</span> <span class='ocrx_word' id='word_1_9' title='bbox 1451 267 1583 307; x_wconf 70' lang='lat' dir='ltr'>tempus</span> <span class='ocrx_word' id='word_1_10' title='bbox 1605 265 1783 307; x_wconf 72' lang='lat' dir='ltr'>significet.</span> <span class='ocrx_word' id='word_1_11' title='bbox 2210 250 2264 291; x_wconf 79' lang='lat'>29</span> 
     </span>
    </p>
   </div>
   <div class='ocr_carea' id='block_1_3' title="bbox 0 0 452 3597">
    <p class='ocr_par' dir='ltr' id='par_1_3' title="bbox 0 0 452 3597">
     <span class='ocr_line' id='line_1_3' title="bbox 0 0 452 458; baseline 0 -53"><span class='ocrx_word' id='word_1_12' title='bbox 0 0 452 458; x_wconf 95' lang='lat' dir='ltr'>   </span> 
     </span>
     <span class='ocr_line' id='line_1_4' title="bbox 0 458 353 559; baseline 0 0"><span class='ocrx_word' id='word_1_13' title='bbox 0 458 353 559; x_wconf 95' lang='lat' dir='ltr'>  </span> 
     </span>
     <span class='ocr_line' id='line_1_5' title="bbox 0 559 353 711; baseline 0 0"><span class='ocrx_word' id='word_1_14' title='bbox 0 559 353 711; x_wconf 95' lang='lat' dir='ltr'>   </span> 
     </span>
     <span class='ocr_line' id='line_1_6' title="bbox 0 711 352 823; baseline 0 0"><span class='ocrx_word' id='word_1_15' title='bbox 0 711 352 823; x_wconf 95' lang='lat' dir='ltr'>  </span> 
     </span>
     <span class='ocr_line' id='line_1_7' title="bbox 0 823 357 1046; baseline 0 -68"><span class='ocrx_word' id='word_1_16' title='bbox 0 823 357 1046; x_wconf 95' lang='lat' dir='ltr'>     </span> 
     </span>
     <span class='ocr_line' id='line_1_8' title="bbox 0 1046 355 1155; baseline 0 0"><span class='ocrx_word' id='word_1_17' title='bbox 0 1046 355 1155; x_wconf 95' lang='lat' dir='ltr'>   </span> 
     </span>
     <span class='ocr_line' id='line_1_9' title="bbox 0 1155 355 1344; baseline 0 -72"><span class='ocrx_word' id='word_1_18' title='bbox 0 1155 355 1344; x_wconf 95' lang='lat' dir='ltr'>    </span> 
     </span>
     <span class='ocr_line' id='line_1_10' title="bbox 0 1598 358 1820; baseline 0 -109"><span class='ocrx_word' id='word_1_19' title='bbox 0 1598 358 1820; x_wconf 95' lang='lat' dir='ltr'>   </span> 
     </span>
     <span class='ocr_line' id='line_1_11' title="bbox 0 1820 357 1932; baseline 0 0"><span class='ocrx_word' id='word_1_20' title='bbox 0 1820 357 1932; x_wconf 95' lang='lat' dir='ltr'>  </span> 
     </span>
     <span class='ocr_line' id='line_1_12' title="bbox 0 1932 452 2174; baseline 0 -26"><span class='ocrx_word' id='word_1_21' title='bbox 0 1932 452 2174; x_wconf 95' lang='lat' dir='ltr'>   </span> 
     </span>
     <span class='ocr_line' id='line_1_13' title="bbox 0 2174 452 2284; baseline 0 0"><span class='ocrx_word' id='word_1_22' title='bbox 0 2174 452 2284; x_wconf 95' lang='lat' dir='ltr'>  </span> 
     </span>
     <span class='ocr_line' id='line_1_14' title="bbox 0 2284 452 3597; baseline 0 0"><span class='ocrx_word' id='word_1_23' title='bbox 0 2284 452 3597; x_wconf 95' lang='lat' dir='ltr'>  </span> 
     </span>
    </p>
   </div>
   <div class='ocr_carea' id='block_1_4' title="bbox 194 333 2265 1321">
    <p class='ocr_par' dir='ltr' id='par_1_4' title="bbox 326 333 2265 498">
     <span class='ocr_line' id='line_1_15' title="bbox 339 333 2265 431; baseline 0.003 -22"><span class='ocrx_word' id='word_1_24' title='bbox 339 357 491 431; x_wconf 51' lang='lat' dir='ltr'>nmis,</span> <span class='ocrx_word' id='word_1_25' title='bbox 503 339 751 427; x_wconf 37' lang='lat' dir='ltr'>praesentim</span> <span class='ocrx_word' id='word_1_26' title='bbox 774 345 910 421; x_wconf 65' lang='grc' dir='ltr'>(ιιιιιιιι</span> <span class='ocrx_word' id='word_1_27' title='bbox 931 376 1013 410; x_wconf 88' lang='lat' dir='ltr'>non</span> <span class='ocrx_word' id='word_1_28' title='bbox 1038 333 1268 422; x_wconf 59' lang='lat' dir='ltr'>appoeimm</span> <span class='ocrx_word' id='word_1_29' title='bbox 1297 364 1352 407; x_wconf 81' lang='lat' dir='ltr'>sit</span> <span class='ocrx_word' id='word_1_30' title='bbox 1379 365 1521 420; x_wconf 83' lang='lat' dir='ltr'>objecti</span> <span class='ocrx_word' id='word_1_31' title='bbox 1550 353 1635 409; x_wconf 84' lang='lat' dir='ltr'>loco</span> <span class='ocrx_word' id='word_1_32' title='bbox 1664 366 1962 411; x_wconf 62' lang='lat' dir='ltr'>substantivum</span> <span class='ocrx_word' id='word_1_33' title='bbox 1992 370 2127 425; x_wconf 75' lang='grc' dir='ltr'>ὅρκον,</span> <span class='ocrx_word' id='word_1_34' title='bbox 2156 372 2265 427; x_wconf 84' lang='lat' dir='ltr'><strong>quod</strong></span> 
     </span>
     <span class='ocr_line' id='line_1_16' title="bbox 326 428 2264 498; baseline 0.004 -17"><span class='ocrx_word' id='word_1_35' title='bbox 326 428 480 493; x_wconf 44' lang='lat' dir='ltr'>{ii-ltere</span> <span class='ocrx_word' id='word_1_36' title='bbox 521 435 610 491; x_wconf 64' lang='lat'><strong>1006</strong></span> <span class='ocrx_word' id='word_1_37' title='bbox 638 435 662 481; x_wconf 86' lang='grc' dir='ltr'>δ</span> <span class='ocrx_word' id='word_1_38' title='bbox 693 441 779 487; x_wconf 64' lang='grc'>254</span> <span class='ocrx_word' id='word_1_39' title='bbox 808 438 960 484; x_wconf 76' lang='lat' dir='ltr'>factum</span> <span class='ocrx_word' id='word_1_40' title='bbox 989 445 1062 494; x_wconf 81' lang='lat' dir='ltr'>est,</span> <span class='ocrx_word' id='word_1_41' title='bbox 1094 443 1135 481; x_wconf 75' lang='lat' dir='ltr'>et</span> <span class='ocrx_word' id='word_1_42' title='bbox 1163 445 1358 496; x_wconf 83' lang='lat' dir='ltr'>praeterea</span> <span class='ocrx_word' id='word_1_43' title='bbox 1388 439 1412 480; x_wconf 85' lang='grc' dir='ltr'>δ</span> <span class='ocrx_word' id='word_1_44' title='bbox 1446 442 1542 495; x_wconf 85' lang='grc'><strong>747,</strong></span> <span class='ocrx_word' id='word_1_45' title='bbox 1574 441 1644 482; x_wconf 91' lang='lat' dir='ltr'>ubi</span> <span class='ocrx_word' id='word_1_46' title='bbox 1675 441 1878 498; x_wconf 78' lang='lat' dir='ltr'>Euryclea</span> <span class='ocrx_word' id='word_1_47' title='bbox 1907 443 2012 486; x_wconf 84' lang='lat' dir='ltr'>hanc</span> <span class='ocrx_word' id='word_1_48' title='bbox 2042 459 2127 488; x_wconf 85' lang='lat' dir='ltr'>rem</span> <span class='ocrx_word' id='word_1_49' title='bbox 2156 459 2264 488; x_wconf 84' lang='lat' dir='ltr'>com·</span> 
     </span>
    </p>

    <p class='ocr_par' dir='ltr' id='par_1_5' title="bbox 270 500 2263 579">
     <span class='ocr_line' id='line_1_17' title="bbox 270 500 2263 579; baseline 0.002 -20"><span class='ocrx_word' id='word_1_50' title='bbox 270 534 277 537; x_wconf 49' lang='lat'>&gt;</span> <span class='ocrx_word' id='word_1_51' title='bbox 317 548 324 554; x_wconf 59' lang='lat'>„</span> <span class='ocrx_word' id='word_1_52' title='bbox 353 513 560 579; x_wconf 68' lang='lat' dir='ltr'>memorat,</span> <span class='ocrx_word' id='word_1_53' title='bbox 606 514 789 558; x_wconf 80' lang='lat' dir='ltr'>futurum</span> <span class='ocrx_word' id='word_1_54' title='bbox 834 500 994 569; x_wconf 81' lang='lat' dir='ltr'>legatur</span> <span class='ocrx_word' id='word_1_55' title='bbox 1036 514 1102 567; x_wconf 72' lang='grc' dir='ltr'>μή</span> <span class='ocrx_word' id='word_1_56' title='bbox 1146 520 1243 568; x_wconf 79' lang='grc' dir='ltr'>πρίν</span> <span class='ocrx_word' id='word_1_57' title='bbox 1286 527 1353 555; x_wconf 91' lang='grc' dir='ltr'>σοι</span> <span class='ocrx_word' id='word_1_58' title='bbox 1397 511 1536 569; x_wconf 74' lang='grc' dir='ltr'>ἐρέειν.</span> <span class='ocrx_word' id='word_1_59' title='bbox 1597 515 1853 572; x_wconf 79' lang='lat' dir='ltr'><strong>Quamquam</strong></span> <span class='ocrx_word' id='word_1_60' title='bbox 1888 518 1952 560; x_wconf 81' lang='lat' dir='ltr'>his</span> <span class='ocrx_word' id='word_1_61' title='bbox 1981 519 2135 562; x_wconf 80' lang='lat' dir='ltr'>duobus</span> <span class='ocrx_word' id='word_1_62' title='bbox 2166 520 2263 562; x_wconf 84' lang='lat' dir='ltr'>locis</span> 
     </span>
    </p>

    <p class='ocr_par' dir='ltr' id='par_1_6' title="bbox 194 576 2265 1316">
     <span class='ocr_line' id='line_1_18' title="bbox 316 589 2263 655; baseline 0.003 -23.784"><span class='ocrx_word' id='word_1_63' title='bbox 316 616 335 631; x_wconf 71' lang='grc'>.«</span> <span class='ocrx_word' id='word_1_64' title='bbox 344 590 511 635; x_wconf 79' lang='lat' dir='ltr'>defendi</span> <span class='ocrx_word' id='word_1_65' title='bbox 555 604 668 655; x_wconf 75' lang='lat' dir='ltr'>posse</span> <span class='ocrx_word' id='word_1_66' title='bbox 702 589 861 631; x_wconf 79' lang='lat' dir='ltr'>videtur</span> <span class='ocrx_word' id='word_1_67' title='bbox 882 592 895 615; x_wconf 87' lang='lat'>²</span> <span class='ocrx_word' id='word_1_68' title='bbox 932 589 1107 632; x_wconf 84' lang='lat' dir='ltr'>aoristus</span> <span class='ocrx_word' id='word_1_69' title='bbox 1135 602 1182 630; x_wconf 87' lang='lat' dir='ltr'>ea</span> <span class='ocrx_word' id='word_1_70' title='bbox 1212 602 1267 642; x_wconf 86' lang='lat' dir='ltr'>re,</span> <span class='ocrx_word' id='word_1_71' title='bbox 1299 589 1406 644; x_wconf 90' lang='lat' dir='ltr'>quod</span> <span class='ocrx_word' id='word_1_72' title='bbox 1435 595 1523 645; x_wconf 81' lang='lat' dir='ltr'><strong>post</strong></span> <span class='ocrx_word' id='word_1_73' title='bbox 1554 590 1722 632; x_wconf 84' lang='lat' dir='ltr'>verbum</span> <span class='ocrx_word' id='word_1_74' title='bbox 1751 589 1927 644; x_wconf 80' lang='grc' dir='ltr'>ὄμνύναι</span> <span class='ocrx_word' id='word_1_75' title='bbox 1958 607 2263 650; x_wconf 79' lang='lat' dir='ltr'><strong>nonnumquam</strong></span> 
     </span>
     <span class='ocr_line' id='line_1_19' title="bbox 194 656 2261 729; baseline 0.001 -22"><span class='ocrx_word' id='word_1_76' title='bbox 194 656 212 685; x_wconf 49' lang='lat'>³</span> <span class='ocrx_word' id='word_1_77' title='bbox 225 662 237 679; x_wconf 68' lang='lat'><em>⁵</em></span> <span class='ocrx_word' id='word_1_78' title='bbox 261 684 266 689; x_wconf 75' lang='grc'><strong>-</strong></span> <span class='ocrx_word' id='word_1_79' title='bbox 286 661 569 729; x_wconf 52' lang='lat' dir='ltr'>{occurrit</span> <span class='ocrx_word' id='word_1_80' title='bbox 557 666 756 707; x_wconf 79' lang='lat' dir='ltr'>sententia</span> <span class='ocrx_word' id='word_1_81' title='bbox 785 664 980 719; x_wconf 84' lang='lat' dir='ltr'>objectiva</span> <span class='ocrx_word' id='word_1_82' title='bbox 1010 663 1155 716; x_wconf 81' lang='lat' dir='ltr'>finalis,</span> <span class='ocrx_word' id='word_1_83' title='bbox 1187 668 1233 704; x_wconf 85' lang='lat' dir='ltr'>ut</span> <span class='ocrx_word' id='word_1_84' title='bbox 1263 679 1297 714; x_wconf 88' lang='grc' dir='ltr'><em>μ</em></span> <span class='ocrx_word' id='word_1_85' title='bbox 1322 665 1549 705; x_wconf 81' lang='lat'>298—301</span> <span class='ocrx_word' id='word_1_86' title='bbox 1585 671 1658 705; x_wconf 84' lang='grc' dir='ltr'>νῦν</span> <span class='ocrx_word' id='word_1_87' title='bbox 1677 681 1757 716; x_wconf 89' lang='grc' dir='ltr'>μοι</span> <span class='ocrx_word' id='word_1_88' title='bbox 1777 668 1923 707; x_wconf 74' lang='grc' dir='ltr'>πάντες</span> <span class='ocrx_word' id='word_1_89' title='bbox 1945 664 2149 718; x_wconf 76' lang='grc' dir='ltr'><strong><em>ὀμόσσατε</em></strong></span> <span class='ocrx_word' id='word_1_90' title='bbox 2164 684 2261 725; x_wconf 77' lang='grc' dir='ltr'>καρ-</span> 
     </span>
     <span class='ocr_line' id='line_1_20' title="bbox 352 733 2261 796; baseline 0.003 -15"><span class='ocrx_word' id='word_1_91' title='bbox 352 738 467 795; x_wconf 75' lang='grc' dir='ltr'>τερόν</span> <span class='ocrx_word' id='word_1_92' title='bbox 497 733 622 794; x_wconf 80' lang='grc' dir='ltr'>ὅρκον</span> <span class='ocrx_word' id='word_1_93' title='bbox 652 765 708 771; x_wconf 91' lang='grc'>-</span> <span class='ocrx_word' id='word_1_94' title='bbox 729 763 789 771; x_wconf 89' lang='grc'>--</span> <span class='ocrx_word' id='word_1_95' title='bbox 817 740 882 792; x_wconf 87' lang='grc' dir='ltr'>μή</span> <span class='ocrx_word' id='word_1_96' title='bbox 911 738 993 778; x_wconf 83' lang='grc' dir='ltr'>πού</span> <span class='ocrx_word' id='word_1_97' title='bbox 1022 748 1078 779; x_wconf 81' lang='grc' dir='ltr'>τις</span> <span class='ocrx_word' id='word_1_98' title='bbox 1098 742 1257 789; x_wconf 83' lang='lat' dir='ltr'>——l</span> <span class='ocrx_word' id='word_1_99' title='bbox 1274 735 1301 791; x_wconf 80' lang='grc' dir='ltr'><em>ἢ</em></span> <span class='ocrx_word' id='word_1_100' title='bbox 1330 739 1437 789; x_wconf 85' lang='grc' dir='ltr'>βοῦν</span> <span class='ocrx_word' id='word_1_101' title='bbox 1467 736 1513 792; x_wconf 75' lang='grc' dir='ltr'>ἦέ</span> <span class='ocrx_word' id='word_1_102' title='bbox 1543 754 1579 779; x_wconf 86' lang='grc' dir='ltr'>τι</span> <span class='ocrx_word' id='word_1_103' title='bbox 1610 742 1753 793; x_wconf 86' lang='grc' dir='ltr'>μῆλον</span> <span class='ocrx_word' id='word_1_104' title='bbox 1783 738 1991 796; x_wconf 76' lang='grc' dir='ltr'>ἀποκτάνῃ</span> <span class='ocrx_word' id='word_1_105' title='bbox 2021 747 2061 784; x_wconf 89' lang='lat' dir='ltr'>et</span> <span class='ocrx_word' id='word_1_106' title='bbox 2091 757 2118 784; x_wconf 93' lang='grc' dir='ltr'>σ</span> <span class='ocrx_word' id='word_1_107' title='bbox 2148 747 2261 786; x_wconf 82' lang='lat'>55—</span> 
     </span>
     <span class='ocr_line' id='line_1_21' title="bbox 357 804 2262 873; baseline 0.002 -19"><span class='ocrx_word' id='word_1_108' title='bbox 357 815 409 855; x_wconf 85' lang='lat'>57</span> <span class='ocrx_word' id='word_1_109' title='bbox 442 817 517 854; x_wconf 81' lang='grc' dir='ltr'>νῦν</span> <span class='ocrx_word' id='word_1_110' title='bbox 546 818 622 865; x_wconf 76' lang='grc' dir='ltr'>μοὶ</span> <span class='ocrx_word' id='word_1_111' title='bbox 652 816 796 854; x_wconf 72' lang='grc' dir='ltr'>πάντες</span> <span class='ocrx_word' id='word_1_112' title='bbox 826 804 1025 862; x_wconf 75' lang='grc' dir='ltr'>ὀμόσσατε</span> <span class='ocrx_word' id='word_1_113' title='bbox 1055 814 1252 865; x_wconf 75' lang='grc' dir='ltr'>καρτερόν</span> <span class='ocrx_word' id='word_1_114' title='bbox 1274 809 1401 865; x_wconf 80' lang='grc' dir='ltr'>ὅρκον</span> <span class='ocrx_word' id='word_1_115' title='bbox 1420 816 1433 863; x_wconf 79' lang='lat' dir='ltr'><em>l</em></span> <span class='ocrx_word' id='word_1_116' title='bbox 1447 815 1512 865; x_wconf 82' lang='grc' dir='ltr'>μή</span> <span class='ocrx_word' id='word_1_117' title='bbox 1532 828 1590 857; x_wconf 81' lang='grc' dir='ltr'>τις</span> <span class='ocrx_word' id='word_1_118' title='bbox 1611 838 1664 843; x_wconf 92' lang='grc'><strong>-</strong></span> <span class='ocrx_word' id='word_1_119' title='bbox 1686 812 1763 864; x_wconf 77' lang='grc' dir='ltr'>ἐμὲ</span> <span class='ocrx_word' id='word_1_120' title='bbox 1786 819 1895 869; x_wconf 83' lang='grc' dir='ltr'>χειρὶ</span> <span class='ocrx_word' id='word_1_121' title='bbox 1925 817 2262 873; x_wconf 73' lang='grc' dir='ltr'>βαρείῃΙπλήξῃ,</span> 
     </span>
     <span class='ocr_line' id='line_1_22' title="bbox 355 884 2263 947; baseline 0.002 -18"><span class='ocrx_word' id='word_1_122' title='bbox 355 886 406 929; x_wconf 83' lang='lat' dir='ltr'>ad</span> <span class='ocrx_word' id='word_1_123' title='bbox 449 900 623 942; x_wconf 85' lang='lat' dir='ltr'>quarum</span> <span class='ocrx_word' id='word_1_124' title='bbox 659 886 984 944; x_wconf 73' lang='lat' dir='ltr'>enuntiationum</span> <span class='ocrx_word' id='word_1_125' title='bbox 1014 884 1347 940; x_wconf 78' lang='lat' dir='ltr'>significatibnem</span> <span class='ocrx_word' id='word_1_126' title='bbox 1378 886 1604 945; x_wconf 81' lang='lat' dir='ltr'>infinitivus</span> <span class='ocrx_word' id='word_1_127' title='bbox 1634 888 1771 936; x_wconf 84' lang='lat' dir='ltr'>aoristi</span> <span class='ocrx_word' id='word_1_128' title='bbox 1801 903 2110 945; x_wconf 90' lang='lat' dir='ltr'>nonnumquum</span> <span class='ocrx_word' id='word_1_129' title='bbox 2139 906 2263 947; x_wconf 90' lang='lat' dir='ltr'>quam</span> 
     </span>
     <span class='ocr_line' id='line_1_23' title="bbox 354 958 2265 1027; baseline 0.002 -24"><span class='ocrx_word' id='word_1_130' title='bbox 354 962 536 1018; x_wconf 84' lang='lat' dir='ltr'><strong>proxime</strong></span> <span class='ocrx_word' id='word_1_131' title='bbox 566 961 726 1004; x_wconf 81' lang='lat' dir='ltr'>aceedit.</span> <span class='ocrx_word' id='word_1_132' title='bbox 788 960 940 1002; x_wconf 84' lang='lat' dir='ltr'>Contra</span> <span class='ocrx_word' id='word_1_133' title='bbox 971 963 1016 1027; x_wconf 93' lang='grc' dir='ltr'><em>Χ</em></span> <span class='ocrx_word' id='word_1_134' title='bbox 1049 958 1247 1001; x_wconf 76' lang='grc'>119-20</span> <span class='ocrx_word' id='word_1_135' title='bbox 1284 965 1446 1015; x_wconf 79' lang='grc' dir='ltr'>Τρωσὶν</span> <span class='ocrx_word' id='word_1_136' title='bbox 1476 961 1510 1000; x_wconf 87' lang='grc' dir='ltr'>δ’</span> <span class='ocrx_word' id='word_1_137' title='bbox 1543 959 1595 1002; x_wconf 77' lang='grc' dir='ltr'>αὖ</span> <span class='ocrx_word' id='word_1_138' title='bbox 1625 963 1857 1012; x_wconf 76' lang='grc' dir='ltr'>μετόπισθε</span> <span class='ocrx_word' id='word_1_139' title='bbox 1888 965 2107 1019; x_wconf 80' lang='grc' dir='ltr'>γερούσιον</span> <span class='ocrx_word' id='word_1_140' title='bbox 2136 964 2265 1019; x_wconf 80' lang='grc' dir='ltr'>ὅρκον</span> 
     </span>
     <span class='ocr_line' id='line_1_24' title="bbox 315 1031 2265 1091; baseline 0.005 -15"><span class='ocrx_word' id='word_1_141' title='bbox 315 1057 319 1061; x_wconf 90' lang='grc'><strong>-</strong></span> <span class='ocrx_word' id='word_1_142' title='bbox 355 1034 521 1087; x_wconf 72' lang='grc' dir='ltr'>ἕλωμαι</span> <span class='ocrx_word' id='word_1_143' title='bbox 551 1039 563 1088; x_wconf 82' lang='lat' dir='ltr'><em>s</em></span> <span class='ocrx_word' id='word_1_144' title='bbox 591 1035 696 1090; x_wconf 71' lang='grc' dir='ltr'>μήτι</span> <span class='ocrx_word' id='word_1_145' title='bbox 725 1038 1006 1091; x_wconf 75' lang='grc' dir='ltr'>κατακρύψειν</span> <span class='ocrx_word' id='word_1_146' title='bbox 1036 1031 1130 1075; x_wconf 77' lang='grc' dir='ltr'>ἄλλ’</span> <span class='ocrx_word' id='word_1_147' title='bbox 1161 1033 1308 1087; x_wconf 80' lang='grc' dir='ltr'>ἄνδιχα</span> <span class='ocrx_word' id='word_1_148' title='bbox 1338 1036 1470 1076; x_wconf 82' lang='grc' dir='ltr'>πάντα</span> <span class='ocrx_word' id='word_1_149' title='bbox 1499 1036 1709 1078; x_wconf 71' lang='grc' dir='ltr'>δάσασθαι</span> <span class='ocrx_word' id='word_1_150' title='bbox 1740 1044 1845 1080; x_wconf 85' lang='lat' dir='ltr'>recte</span> <span class='ocrx_word' id='word_1_151' title='bbox 1876 1039 1962 1081; x_wconf 79' lang='lat' dir='ltr'>sine</span> <span class='ocrx_word' id='word_1_152' title='bbox 1991 1039 2112 1084; x_wconf 89' lang='lat' dir='ltr'>dubio</span> <span class='ocrx_word' id='word_1_153' title='bbox 2137 1043 2265 1084; x_wconf 86' lang='lat' dir='ltr'>Nauc-</span> 
     </span>
     <span class='ocr_line' id='line_1_25' title="bbox 355 1103 2264 1173; baseline 0.002 -20"><span class='ocrx_word' id='word_1_154' title='bbox 355 1112 464 1153; x_wconf 82' lang='lat' dir='ltr'>kius</span> <span class='ocrx_word' id='word_1_155' title='bbox 494 1111 704 1173; x_wconf 79' lang='grc' dir='ltr'>δάσασθαι</span> <span class='ocrx_word' id='word_1_156' title='bbox 750 1112 804 1151; x_wconf 85' lang='lat' dir='ltr'>in·</span> <span class='ocrx_word' id='word_1_157' title='bbox 840 1103 1045 1150; x_wconf 80' lang='grc' dir='ltr'>δασεσθαι</span> <span class='ocrx_word' id='word_1_158' title='bbox 1082 1110 1254 1150; x_wconf 80' lang='lat' dir='ltr'>mutavit</span> <span class='ocrx_word' id='word_1_159' title='bbox 1275 1111 1303 1163; x_wconf 87' lang='lat'>²,</span> <span class='ocrx_word' id='word_1_160' title='bbox 1349 1124 1477 1165; x_wconf 92' lang='lat' dir='ltr'>quum</span> <span class='ocrx_word' id='word_1_161' title='bbox 1507 1117 1697 1167; x_wconf 81' lang='lat' dir='ltr'>appareat</span> <span class='ocrx_word' id='word_1_162' title='bbox 1726 1117 1896 1168; x_wconf 85' lang='lat' dir='ltr'>utroque</span> <span class='ocrx_word' id='word_1_163' title='bbox 1926 1113 2128 1159; x_wconf 82' lang='lat' dir='ltr'>infinitivo</span> <span class='ocrx_word' id='word_1_164' title='bbox 2158 1116 2264 1157; x_wconf 82' lang='lat' dir='ltr'>idem</span> 
     </span>
     <span class='ocr_line' id='line_1_26' title="bbox 355 1184 2265 1243; baseline 0.003 -16"><span class='ocrx_word' id='word_1_165' title='bbox 355 1200 519 1242; x_wconf 83' lang='lat' dir='ltr'>prorsus</span> <span class='ocrx_word' id='word_1_166' title='bbox 564 1191 723 1242; x_wconf 84' lang='lat' dir='ltr'>tempus</span> <span class='ocrx_word' id='word_1_167' title='bbox 753 1186 908 1241; x_wconf 84' lang='lat' dir='ltr'>respici</span> <span class='ocrx_word' id='word_1_168' title='bbox 948 1199 998 1227; x_wconf 85' lang='lat' dir='ltr'>ne</span> <span class='ocrx_word' id='word_1_169' title='bbox 1035 1185 1171 1226; x_wconf 85' lang='lat' dir='ltr'>eodem</span> <span class='ocrx_word' id='word_1_170' title='bbox 1203 1184 1287 1226; x_wconf 89' lang='lat' dir='ltr'>loco</span> <span class='ocrx_word' id='word_1_171' title='bbox 1317 1185 1469 1237; x_wconf 83' lang='lat' dir='ltr'>formae,</span> <span class='ocrx_word' id='word_1_172' title='bbox 1500 1200 1591 1240; x_wconf 85' lang='lat' dir='ltr'>quae</span> <span class='ocrx_word' id='word_1_173' title='bbox 1622 1188 1869 1228; x_wconf 81' lang='lat' dir='ltr'>contrarium</span> <span class='ocrx_word' id='word_1_174' title='bbox 1901 1193 2058 1243; x_wconf 82' lang='lat' dir='ltr'>tempus</span> <span class='ocrx_word' id='word_1_175' title='bbox 2088 1190 2265 1232; x_wconf 84' lang='lat' dir='ltr'>indicare</span> 
     </span>
     <span class='ocr_line' id='line_1_27' title="bbox 355 1258 1444 1321; baseline 0 -20"><span class='ocrx_word' id='word_1_176' title='bbox 355 1259 510 1314; x_wconf 80' lang='lat' dir='ltr'>solent,</span> <span class='ocrx_word' id='word_1_177' title='bbox 527 1260 574 1302; x_wconf 90' lang='lat' dir='ltr'>de</span> <span class='ocrx_word' id='word_1_178' title='bbox 604 1260 739 1321; x_wconf 85' lang='lat' dir='ltr'>eodem</span> <span class='ocrx_word' id='word_1_179' title='bbox 772 1265 950 1316; x_wconf 82' lang='lat' dir='ltr'>tempore</span> <span class='ocrx_word' id='word_1_180' title='bbox 980 1258 1191 1315; x_wconf 77' lang='lat' dir='ltr'>conjuncta</span> <span class='ocrx_word' id='word_1_181' title='bbox 1221 1264 1444 1301; x_wconf 80' lang='lat' dir='ltr'>occurrant.</span> 
     </span>
    </p>
   </div>
   <div class='ocr_carea' id='block_1_5' title="bbox 289 1545 2265 1905">
    <p class='ocr_par' dir='ltr' id='par_1_7' title="bbox 289 1545 2265 1905">
     <span class='ocr_line' id='line_1_28' title="bbox 470 1545 2264 1607; baseline 0 -14"><span class='ocrx_word' id='word_1_182' title='bbox 470 1553 713 1594; x_wconf 79' lang='lat' dir='ltr'>Brevissime</span> <span class='ocrx_word' id='word_1_183' title='bbox 743 1552 969 1593; x_wconf 86' lang='lat' dir='ltr'>addendum</span> <span class='ocrx_word' id='word_1_184' title='bbox 999 1545 1139 1593; x_wconf 79' lang='lat' dir='ltr'>censeo</span> <span class='ocrx_word' id='word_1_185' title='bbox 1170 1556 1192 1592; x_wconf 91' lang='grc' dir='ltr'><em>Ι</em></span> <span class='ocrx_word' id='word_1_186' title='bbox 1223 1554 1309 1593; x_wconf 78' lang='lat'>&lt;230</span> <span class='ocrx_word' id='word_1_187' title='bbox 1340 1552 1549 1594; x_wconf 81' lang='lat' dir='ltr'>lectionem</span> <span class='ocrx_word' id='word_1_188' title='bbox 1581 1552 1756 1593; x_wconf 85' lang='lat' dir='ltr'>Bekkeri</span> <span class='ocrx_word' id='word_1_189' title='bbox 1786 1550 1829 1591; x_wconf 80' lang='grc' dir='ltr'>ἔν</span> <span class='ocrx_word' id='word_1_190' title='bbox 1860 1553 1953 1607; x_wconf 86' lang='grc' dir='ltr'>δοιῇ</span> <span class='ocrx_word' id='word_1_191' title='bbox 1979 1553 2022 1593; x_wconf 79' lang='grc' dir='ltr'>δὲ</span> <span class='ocrx_word' id='word_1_192' title='bbox 2044 1554 2141 1598; x_wconf 80' lang='grc' dir='ltr'>σόας</span> <span class='ocrx_word' id='word_1_193' title='bbox 2160 1552 2264 1605; x_wconf 80' lang='grc' dir='ltr'>ἔμεν</span> 
     </span>
     <span class='ocr_line' id='line_1_29' title="bbox 356 1622 2263 1683; baseline 0.002 -15"><span class='ocrx_word' id='word_1_194' title='bbox 356 1627 401 1682; x_wconf 92' lang='lat' dir='ltr'>(l.</span> <span class='ocrx_word' id='word_1_195' title='bbox 434 1627 533 1668; x_wconf 78' lang='grc' dir='ltr'>σάας</span> <span class='ocrx_word' id='word_1_196' title='bbox 562 1625 690 1682; x_wconf 76' lang='grc' dir='ltr'>ἔμεν).</span> <span class='ocrx_word' id='word_1_197' title='bbox 714 1623 738 1681; x_wconf 92' lang='grc' dir='ltr'>ἢ</span> <span class='ocrx_word' id='word_1_198' title='bbox 769 1622 1003 1680; x_wconf 77' lang='grc' dir='ltr'>ἀπολέσθαι</span> <span class='ocrx_word' id='word_1_199' title='bbox 1036 1630 1048 1678; x_wconf 84' lang='lat' dir='ltr'><em>l</em></span> <span class='ocrx_word' id='word_1_200' title='bbox 1078 1629 1180 1679; x_wconf 82' lang='grc' dir='ltr'>νῆας</span> <span class='ocrx_word' id='word_1_201' title='bbox 1206 1623 1451 1678; x_wconf 74' lang='grc' dir='ltr'>ἐυσσέλμους</span> <span class='ocrx_word' id='word_1_202' title='bbox 1479 1628 1569 1681; x_wconf 87' lang='lat' dir='ltr'>(pro</span> <span class='ocrx_word' id='word_1_203' title='bbox 1599 1627 1824 1679; x_wconf 79' lang='grc' dir='ltr'>σαωσέμεν,</span> <span class='ocrx_word' id='word_1_204' title='bbox 1846 1628 1950 1681; x_wconf 92' lang='lat' dir='ltr'>quod</span> <span class='ocrx_word' id='word_1_205' title='bbox 1974 1628 2017 1668; x_wconf 91' lang='lat' dir='ltr'>in</span> <span class='ocrx_word' id='word_1_206' title='bbox 2039 1629 2153 1670; x_wconf 83' lang='lat' dir='ltr'>libris</span> <span class='ocrx_word' id='word_1_207' title='bbox 2173 1634 2263 1683; x_wconf 84' lang='lat' dir='ltr'>est),</span> 
     </span>
     <span class='ocr_line' id='line_1_30' title="bbox 289 1700 2262 1758; baseline 0.002 -15"><span class='ocrx_word' id='word_1_208' title='bbox 289 1741 293 1743; x_wconf 6' lang='lat' dir='ltr'>a</span> <span class='ocrx_word' id='word_1_209' title='bbox 357 1714 448 1756; x_wconf 86' lang='lat' dir='ltr'>quae</span> <span class='ocrx_word' id='word_1_210' title='bbox 484 1702 600 1751; x_wconf 78' lang='lat' dir='ltr'>lectio</span> <span class='ocrx_word' id='word_1_211' title='bbox 634 1702 681 1742; x_wconf 92' lang='lat' dir='ltr'>L.</span> <span class='ocrx_word' id='word_1_212' title='bbox 721 1701 886 1756; x_wconf 87' lang='lat' dir='ltr'>Meyero</span> <span class='ocrx_word' id='word_1_213' title='bbox 907 1704 920 1724; x_wconf 85' lang='lat'>³</span> <span class='ocrx_word' id='word_1_214' title='bbox 961 1714 1119 1756; x_wconf 80' lang='lat' dir='ltr'>quoque</span> <span class='ocrx_word' id='word_1_215' title='bbox 1150 1705 1189 1743; x_wconf 86' lang='lat' dir='ltr'>et</span> <span class='ocrx_word' id='word_1_216' title='bbox 1225 1700 1410 1742; x_wconf 86' lang='lat' dir='ltr'>Nauckio</span> <span class='ocrx_word' id='word_1_217' title='bbox 1447 1701 1653 1756; x_wconf 83' lang='lat' dir='ltr'>probatur,</span> <span class='ocrx_word' id='word_1_218' title='bbox 1694 1700 1794 1742; x_wconf 92' lang='lat' dir='ltr'>mihi</span> <span class='ocrx_word' id='word_1_219' title='bbox 1825 1701 2091 1758; x_wconf 84' lang='lat' dir='ltr'>recipiendam</span> <span class='ocrx_word' id='word_1_220' title='bbox 2123 1704 2262 1758; x_wconf 83' lang='lat' dir='ltr'>videri,</span> 
     </span>
     <span class='ocr_line' id='line_1_31' title="bbox 326 1770 2265 1833; baseline 0 -14"><span class='ocrx_word' id='word_1_221' title='bbox 326 1770 483 1832; x_wconf 58' lang='lat' dir='ltr'>&#39;quum</span> <span class='ocrx_word' id='word_1_222' title='bbox 528 1791 616 1818; x_wconf 87' lang='lat' dir='ltr'>eam</span> <span class='ocrx_word' id='word_1_223' title='bbox 656 1777 753 1818; x_wconf 81' lang='lat' dir='ltr'>satis</span> <span class='ocrx_word' id='word_1_224' title='bbox 793 1776 950 1818; x_wconf 89' lang='lat' dir='ltr'>defendi</span> <span class='ocrx_word' id='word_1_225' title='bbox 989 1782 1123 1832; x_wconf 86' lang='lat' dir='ltr'>putem</span> <span class='ocrx_word' id='word_1_226' title='bbox 1166 1777 1250 1817; x_wconf 89' lang='lat' dir='ltr'>loco</span> <span class='ocrx_word' id='word_1_227' title='bbox 1287 1777 1511 1817; x_wconf 78' lang='lat' dir='ltr'>Herodoteo</span> <span class='ocrx_word' id='word_1_228' title='bbox 1542 1776 1621 1820; x_wconf 88' lang='lat' dir='ltr'>IX.</span> <span class='ocrx_word' id='word_1_229' title='bbox 1657 1778 1711 1817; x_wconf 88' lang='grc'>60</span> <span class='ocrx_word' id='word_1_230' title='bbox 1744 1773 1908 1828; x_wconf 73' lang='grc' dir='ltr'>ἀγῶνος</span> <span class='ocrx_word' id='word_1_231' title='bbox 1938 1784 2134 1829; x_wconf 69' lang='grc' dir='ltr'>μεγίστου</span> <span class='ocrx_word' id='word_1_232' title='bbox 2164 1794 2265 1833; x_wconf 83' lang='grc' dir='ltr'>προ-</span> 
     </span>
     <span class='ocr_line' id='line_1_32' title="bbox 357 1847 1674 1905; baseline -0.001 -13"><span class='ocrx_word' id='word_1_233' title='bbox 357 1851 552 1904; x_wconf 79' lang='grc' dir='ltr'>κειμένου</span> <span class='ocrx_word' id='word_1_234' title='bbox 580 1848 804 1905; x_wconf 77' lang='grc' dir='ltr'>ἐλευθέρην</span> <span class='ocrx_word' id='word_1_235' title='bbox 836 1848 941 1891; x_wconf 76' lang='grc' dir='ltr'>εῖναι</span> <span class='ocrx_word' id='word_1_236' title='bbox 972 1849 1000 1904; x_wconf 81' lang='grc' dir='ltr'><em>ἤ</em></span> <span class='ocrx_word' id='word_1_237' title='bbox 1028 1850 1344 1903; x_wconf 73' lang='grc' dir='ltr'>δεδουλωμένην</span> <span class='ocrx_word' id='word_1_238' title='bbox 1374 1850 1448 1903; x_wconf 72' lang='grc' dir='ltr'>τήν</span> <span class='ocrx_word' id='word_1_239' title='bbox 1471 1847 1674 1891; x_wconf 57' lang='lat' dir='ltr'>‘madeas</span> 
     </span>
    </p>
   </div>
   <div class='ocr_carea' id='block_1_6' title="bbox 358 2017 2269 2183">
    <p class='ocr_par' dir='ltr' id='par_1_8' title="bbox 358 2017 2269 2183">
     <span class='ocr_line' id='line_1_33' title="bbox 458 2017 2266 2065; baseline -0.002 -10"><span class='ocrx_word' id='word_1_240' title='bbox 458 2022 470 2042; x_wconf 89' lang='lat'><strong>¹</strong></span> <span class='ocrx_word' id='word_1_241' title='bbox 499 2023 679 2062; x_wconf 76' lang='lat' dir='ltr'>Hentzius,</span> <span class='ocrx_word' id='word_1_242' title='bbox 718 2022 779 2065; x_wconf 91' lang='lat' dir='ltr'>qui</span> <span class='ocrx_word' id='word_1_243' title='bbox 818 2021 967 2064; x_wconf 80' lang='lat' dir='ltr'>Anhang</span> <span class='ocrx_word' id='word_1_244' title='bbox 1005 2021 1051 2053; x_wconf 80' lang='lat' dir='ltr'>ad</span> <span class='ocrx_word' id='word_1_245' title='bbox 1088 2021 1114 2064; x_wconf 83' lang='grc' dir='ltr'>β</span> <span class='ocrx_word' id='word_1_246' title='bbox 1139 2017 1210 2054; x_wconf 81' lang='grc'>373</span> <span class='ocrx_word' id='word_1_247' title='bbox 1246 2020 1308 2052; x_wconf 84' lang='lat' dir='ltr'>hos</span> <span class='ocrx_word' id='word_1_248' title='bbox 1334 2019 1482 2052; x_wconf 75' lang='lat' dir='ltr'>aoristos</span> <span class='ocrx_word' id='word_1_249' title='bbox 1509 2019 1673 2059; x_wconf 80' lang='lat' dir='ltr'>defendit,</span> <span class='ocrx_word' id='word_1_250' title='bbox 1700 2020 1790 2052; x_wconf 88' lang='lat' dir='ltr'>hunc</span> <span class='ocrx_word' id='word_1_251' title='bbox 1816 2019 1936 2052; x_wconf 80' lang='lat' dir='ltr'>aoristi</span> <span class='ocrx_word' id='word_1_252' title='bbox 1964 2031 2064 2051; x_wconf 82' lang='lat' dir='ltr'>usum</span> <span class='ocrx_word' id='word_1_253' title='bbox 2088 2023 2266 2063; x_wconf 75' lang='lat' dir='ltr'>comparat</span> 
     </span>
     <span class='ocr_line' id='line_1_34' title="bbox 358 2075 2264 2125; baseline -0.002 -11"><span class='ocrx_word' id='word_1_254' title='bbox 358 2092 436 2114; x_wconf 86' lang='lat' dir='ltr'>cum</span> <span class='ocrx_word' id='word_1_255' title='bbox 460 2091 527 2114; x_wconf 77' lang='lat' dir='ltr'>usu</span> <span class='ocrx_word' id='word_1_256' title='bbox 552 2079 674 2113; x_wconf 73' lang='lat' dir='ltr'>aoris‘ci</span> <span class='ocrx_word' id='word_1_257' title='bbox 700 2079 863 2125; x_wconf 75' lang='lat' dir='ltr'>optativi,</span> <span class='ocrx_word' id='word_1_258' title='bbox 890 2079 952 2123; x_wconf 92' lang='lat' dir='ltr'>qui</span> <span class='ocrx_word' id='word_1_259' title='bbox 977 2078 1014 2111; x_wconf 89' lang='lat' dir='ltr'>in</span> <span class='ocrx_word' id='word_1_260' title='bbox 1035 2077 1186 2121; x_wconf 82' lang='lat' dir='ltr'>jurando</span> <span class='ocrx_word' id='word_1_261' title='bbox 1212 2087 1471 2120; x_wconf 86' lang='lat' dir='ltr'>nonnumquam</span> <span class='ocrx_word' id='word_1_262' title='bbox 1496 2078 1657 2117; x_wconf 82' lang='lat' dir='ltr'>occurrit,</span> <span class='ocrx_word' id='word_1_263' title='bbox 1685 2077 1781 2110; x_wconf 77' lang='lat' dir='ltr'>velut</span> <span class='ocrx_word' id='word_1_264' title='bbox 1806 2077 1846 2110; x_wconf 90' lang='lat' dir='ltr'><em>X</em></span> <span class='ocrx_word' id='word_1_265' title='bbox 1870 2075 1942 2112; x_wconf 79' lang='lat'>304</span> <span class='ocrx_word' id='word_1_266' title='bbox 1968 2088 2030 2121; x_wconf 63' lang='lat' dir='ltr'>sq„</span> <span class='ocrx_word' id='word_1_267' title='bbox 2054 2089 2077 2121; x_wconf 82' lang='grc' dir='ltr'><strong><em>χ</em></strong></span> <span class='ocrx_word' id='word_1_268' title='bbox 2100 2075 2171 2111; x_wconf 81' lang='lat'>462</span> <span class='ocrx_word' id='word_1_269' title='bbox 2190 2089 2264 2120; x_wconf 81' lang='lat' dir='ltr'>sqq.</span> 
     </span>
     <span class='ocr_line' id='line_1_35' title="bbox 459 2132 2269 2183; baseline -0.003 -10"><span class='ocrx_word' id='word_1_270' title='bbox 459 2138 472 2158; x_wconf 82' lang='lat'>²</span> <span class='ocrx_word' id='word_1_271' title='bbox 499 2140 569 2174; x_wconf 84' lang='lat' dir='ltr'>cfr.</span> <span class='ocrx_word' id='word_1_272' title='bbox 610 2138 691 2173; x_wconf 89' lang='lat' dir='ltr'>Cob.</span> <span class='ocrx_word' id='word_1_273' title='bbox 731 2140 753 2180; x_wconf 75' lang='lat'>1,</span> <span class='ocrx_word' id='word_1_274' title='bbox 786 2138 808 2171; x_wconf 97' lang='lat' dir='ltr'>l.</span> <span class='ocrx_word' id='word_1_275' title='bbox 840 2150 874 2183; x_wconf 86' lang='lat' dir='ltr'>p.</span> <span class='ocrx_word' id='word_1_276' title='bbox 910 2134 992 2173; x_wconf 84' lang='grc'><strong>329.</strong></span> <span class='ocrx_word' id='word_1_277' title='bbox 1044 2137 1131 2171; x_wconf 81' lang='lat' dir='ltr'>Nab.</span> <span class='ocrx_word' id='word_1_278' title='bbox 1159 2137 1181 2170; x_wconf 92' lang='lat'>1.</span> <span class='ocrx_word' id='word_1_279' title='bbox 1208 2137 1230 2171; x_wconf 94' lang='lat' dir='ltr'>l.</span> <span class='ocrx_word' id='word_1_280' title='bbox 1258 2148 1316 2181; x_wconf 83' lang='lat' dir='ltr'>pp.</span> <span class='ocrx_word' id='word_1_281' title='bbox 1347 2133 1500 2170; x_wconf 82' lang='lat'>102—3.</span> <span class='ocrx_word' id='word_1_282' title='bbox 1529 2156 1574 2161; x_wconf 91' lang='lat'><strong>—</strong></span> <span class='ocrx_word' id='word_1_283' title='bbox 1601 2136 1775 2169; x_wconf 83' lang='lat' dir='ltr'>Futurum</span> <span class='ocrx_word' id='word_1_284' title='bbox 1813 2132 1994 2169; x_wconf 80' lang='grc' dir='ltr'>δάσονται</span> <span class='ocrx_word' id='word_1_285' title='bbox 2022 2147 2091 2168; x_wconf 84' lang='lat' dir='ltr'>una</span> <span class='ocrx_word' id='word_1_286' title='bbox 2118 2135 2220 2168; x_wconf 79' lang='lat' dir='ltr'>litera</span> <span class='ocrx_word' id='word_1_287' title='bbox 2245 2145 2269 2168; x_wconf 93' lang='grc' dir='ltr'>σ</span> 
     </span>
    </p>
   </div>
   <div class='ocr_carea' id='block_1_7' title="bbox 358 2192 2267 2298">
    <p class='ocr_par' dir='ltr' id='par_1_9' title="bbox 358 2192 2267 2298">
     <span class='ocr_line' id='line_1_36' title="bbox 358 2192 1380 2232; baseline -0.004 0"><span class='ocrx_word' id='word_1_288' title='bbox 358 2199 543 2232; x_wconf 80' lang='lat' dir='ltr'>formatum</span> <span class='ocrx_word' id='word_1_289' title='bbox 569 2197 719 2231; x_wconf 79' lang='lat' dir='ltr'>occurrit</span> <span class='ocrx_word' id='word_1_290' title='bbox 745 2197 786 2229; x_wconf 89' lang='lat' dir='ltr'><em>X</em></span> <span class='ocrx_word' id='word_1_291' title='bbox 809 2194 881 2230; x_wconf 88' lang='lat'>354</span> <span class='ocrx_word' id='word_1_292' title='bbox 906 2193 1004 2230; x_wconf 79' lang='grc' dir='ltr'>κατὰ</span> <span class='ocrx_word' id='word_1_293' title='bbox 1030 2193 1158 2230; x_wconf 81' lang='grc' dir='ltr'>πάντα</span> <span class='ocrx_word' id='word_1_294' title='bbox 1183 2192 1380 2229; x_wconf 82' lang='grc' dir='ltr'>δάσονται.</span> 
     </span>
     <span class='ocr_line' id='line_1_37' title="bbox 458 2251 2267 2298; baseline -0.004 -9"><span class='ocrx_word' id='word_1_295' title='bbox 458 2255 472 2274; x_wconf 76' lang='lat'>³</span> <span class='ocrx_word' id='word_1_296' title='bbox 500 2255 636 2289; x_wconf 81' lang='lat' dir='ltr'>Griech.</span> <span class='ocrx_word' id='word_1_297' title='bbox 663 2255 746 2288; x_wconf 88' lang='lat' dir='ltr'><strong>Aor.</strong></span> <span class='ocrx_word' id='word_1_298' title='bbox 774 2266 808 2298; x_wconf 92' lang='lat' dir='ltr'>p.</span> <span class='ocrx_word' id='word_1_299' title='bbox 836 2252 894 2287; x_wconf 87' lang='lat'>86:</span> <span class='ocrx_word' id='word_1_300' title='bbox 922 2254 967 2286; x_wconf 79' lang='lat' dir='ltr'>’es</span> <span class='ocrx_word' id='word_1_301' title='bbox 993 2254 1040 2285; x_wconf 78' lang='lat' dir='ltr'>ist</span> <span class='ocrx_word' id='word_1_302' title='bbox 1064 2253 1274 2286; x_wconf 79' lang='lat' dir='ltr'>zweifelhaft</span> <span class='ocrx_word' id='word_1_303' title='bbox 1302 2254 1402 2297; x_wconf 82' lang='lat' dir='ltr'>(etwa</span> <span class='ocrx_word' id='word_1_304' title='bbox 1421 2269 1456 2280; x_wconf 75' lang='grc' dir='ltr'>-ι</span> <span class='ocrx_word' id='word_1_305' title='bbox 1474 2252 1537 2285; x_wconf 87' lang='lat' dir='ltr'>wir</span> <span class='ocrx_word' id='word_1_306' title='bbox 1563 2251 1779 2291; x_wconf 80' lang='lat' dir='ltr'>vermuthen,</span> <span class='ocrx_word' id='word_1_307' title='bbox 1807 2251 1885 2284; x_wconf 76' lang='lat' dir='ltr'>dass</span> <span class='ocrx_word' id='word_1_308' title='bbox 1907 2252 1995 2294; x_wconf 78' lang='lat' dir='ltr'>jetzt</span> <span class='ocrx_word' id='word_1_309' title='bbox 2023 2252 2195 2285; x_wconf 81' lang='lat' dir='ltr'>entweder</span> <span class='ocrx_word' id='word_1_310' title='bbox 2219 2270 2267 2276; x_wconf 94' lang='lat'>-—-</span> 
     </span>
    </p>
   </div>
   <div class='ocr_carea' id='block_1_8' title="bbox 358 2309 1671 2359">
    <p class='ocr_par' dir='ltr' id='par_1_10' title="bbox 358 2309 1671 2359">
     <span class='ocr_line' id='line_1_38' title="bbox 358 2309 1671 2359; baseline -0.003 -11"><span class='ocrx_word' id='word_1_311' title='bbox 358 2314 441 2349; x_wconf 78' lang='lat' dir='ltr'>oder</span> <span class='ocrx_word' id='word_1_312' title='bbox 467 2314 526 2359; x_wconf 92' lang='lat'>—-)</span> <span class='ocrx_word' id='word_1_313' title='bbox 553 2313 597 2347; x_wconf 93' lang='lat' dir='ltr'>ob</span> <span class='ocrx_word' id='word_1_314' title='bbox 623 2313 677 2346; x_wconf 89' lang='lat' dir='ltr'>die</span> <span class='ocrx_word' id='word_1_315' title='bbox 703 2311 829 2346; x_wconf 83' lang='lat' dir='ltr'>Schiffe</span> <span class='ocrx_word' id='word_1_316' title='bbox 855 2310 1064 2345; x_wconf 74' lang='lat' dir='ltr'>unverzehrt</span> <span class='ocrx_word' id='word_1_317' title='bbox 1091 2310 1168 2344; x_wconf 82' lang='lat' dir='ltr'>sind</span> <span class='ocrx_word' id='word_1_318' title='bbox 1193 2310 1276 2343; x_wconf 85' lang='lat' dir='ltr'>oder</span> <span class='ocrx_word' id='word_1_319' title='bbox 1303 2321 1347 2342; x_wconf 90' lang='lat' dir='ltr'>zu</span> <span class='ocrx_word' id='word_1_320' title='bbox 1373 2309 1514 2343; x_wconf 87' lang='lat' dir='ltr'>Grunde</span> <span class='ocrx_word' id='word_1_321' title='bbox 1541 2310 1671 2356; x_wconf 68' lang='lat' dir='ltr'>gehen&#39;.</span> 
     </span>
    </p>
   </div>
   <div class='ocr_carea' id='block_1_9' title="bbox 477 3049 2184 3089">
    <p class='ocr_par' dir='ltr' id='par_1_11' title="bbox 477 3049 2184 3089">
     <span class='ocr_line' id='line_1_39' title="bbox 477 3049 2184 3089; baseline -0.006 0"><span class='ocrx_word' id='word_1_322' title='bbox 477 3059 589 3089; x_wconf 80' lang='lat' dir='ltr'>Lunds</span> <span class='ocrx_word' id='word_1_323' title='bbox 615 3058 712 3089; x_wconf 83' lang='lat' dir='ltr'>Univ.</span> <span class='ocrx_word' id='word_1_324' title='bbox 734 3049 910 3088; x_wconf 65' lang='lat' dir='ltr'>Araskrist.</span> <span class='ocrx_word' id='word_1_325' title='bbox 951 3056 1041 3087; x_wconf 88' lang='lat' dir='ltr'>Tom.</span> <span class='ocrx_word' id='word_1_326' title='bbox 1062 3055 1164 3086; x_wconf 89' lang='lat' dir='ltr'>XVII.</span> <span class='ocrx_word' id='word_1_327' title='bbox 2164 3054 2184 3085; x_wconf 84' lang='lat'>8</span> 
     </span>
    </p>
   </div>
   <div class='ocr_carea' id='block_1_10' title="bbox 2666 769 2690 798">
    <p class='ocr_par' dir='ltr' id='par_1_12' title="bbox 2666 769 2690 798">
     <span class='ocr_line' id='line_1_40' title="bbox 2666 769 2690 798; baseline 0 0"><span class='ocrx_word' id='word_1_328' title='bbox 2666 769 2690 798; x_wconf 52' lang='grc' dir='ltr'>’ἦ</span> 
     </span>
    </p>
   </div>
  </div>
 </body>
</html>
