2690 3597
409 2990 483 3028 43¹,
519 2983 532 3003 ²
559 2984 631 3019 cfr.
658 2985 769 3028 Kriig.
795 2984 886 3018 Dial.
913 2986 933 3028 ᾗ
961 2982 1019 3018 53:
1047 2983 1080 3017 6.
1106 2984 1207 3017 Αιιιιι.
1235 2983 1269 3017 4.
1309 2985 1454 3017 Kiihner
1480 2985 1499 3027 ξ
1526 2981 1608 3019 389.
1636 2985 1737 3017 Anm.
1765 2982 1799 3018 8.
1839 2983 1997 3017 Lofstedt
2025 2984 2043 3027 ξ
2070 2981 2126 3017 77.
2153 2983 2193 3016 V.
2211 2987 2283 3017 not.
2302 2982 2336 3016 4.

423 359 523 388 vum
550 345 749 400 (ποιήσω)
793 344 950 388 futuri
967 346 1196 389 infinitivus
1225 347 1458 402 (ποιήσειν),
1486 347 1537 389 ad
1568 316 1708 391 aui-isti
1736 344 1980 408 optativum
1993 339 2085 392 cum
2106 345 2169 390 ἄν
2197 339 2346 411 (ιιαιξ-
2398 410 2404 415 ο

425 434 552 472 σαιμι
581 419 654 477 ἄν)
687 421 841 464 aoristi
857 421 1086 465 infinitivus
1115 437 1208 466 cum
1240 421 1295 464 ἄν
1324 424 1518 477 (ποιῆσαι
1548 421 1619 479 ἄν)
1651 423 1861 467 referatur.
1922 423 1980 467 Et
1988 420 2133 492 quum
2163 423 2207 467 in
2230 421 2400 469 recta

400 495 604 539 'oratione
648 496 844 538 futurum‘
880 502 1040 554 tempus
1084 498 1262 553 exprimi
1308 512 1389 539 non
1435 499 1559 553 possit
1599 499 1680 539 nisi
1709 503 1781 540 aut
1810 500 1940 553 magis
1969 504 2078 541 certo
2106 504 2158 541 et
2176 492 2355 549 fidenter:
2372 506 2381 521 ·“
2426 551 2452 555 Β,

423 570 643 613 indicativo
679 570 808 613 futuri
839 576 912 613 aut
941 572 1195 614 dubitantius
1224 576 1264 613 et
1295 572 1511 614 modestius
1541 572 1681 615 aoristi
1709 572 1755 626 (1.
1787 573 2015 628 praesentis)
2037 573 2222 637 optativo
2250 586 2345 618 cum
2377 594 2379 596 >
2404 568 2414 597 .·

423 642 477 687 ἄν
497 645 656 701 juncto,
703 646 801 689 satis
831 659 928 696 sane
956 646 1034 688 erit
1063 646 1104 687 in
1136 645 1301 702 obliqua
1330 646 1511 688 oratione
1540 646 1695 688 duobus
1726 646 1854 692 modis
1882 646 1989 689 idem
2019 648 2247 704 exprimere
2275 656 2350 705 po-·
2387 656 2391 658 ‘

422 720 562 773 tuisse,
612 714 835 775 praesertim
881 736 1008 774 quum
1038 722 1081 761 in
1113 722 1279 774 obliqua
1309 722 1501 773 oratione,
1528 727 1580 761 ut
1611 736 1733 776 supra
1763 722 1951 775 vidimus,
1982 722 2082 763 duas
2112 724 2226 764 verbi
2255 717 2346 765 ora-

423 795 547 839 tionis
578 802 697 839 rectae
728 794 878 838 formas
906 794 1044 838 eadem
1077 794 1190 838 verbi
1221 794 1350 838 forma
1381 795 1558 838 indicare
1591 804 1672 839 non
1703 810 1795 839 raro
1825 810 1983 839 necesse
2012 796 2076 839 sit.
2138 795 2251 848 Quod
2270 803 2345 840 ‘au-

423 877 504 914 tem
549 871 663 913 docet
708 870 887 912 Kauana
908 873 920 894 ¹
970 870 1219 911 infinitivum
1257 870 1344 911 sine
1375 869 1429 911 ἄν
1458 876 1546 912 tum
1578 871 1830 927 potissimum
1844 872 2061 928 §usurpari,
2092 872 2162 913 ubi
2191 872 2345 927 aliquid

423 936 530 987 certo
574 949 816 987 eventurum
847 960 932 987 esse
964 945 1225 999 significetur,
1257 946 1443 999 equidem
1476 945 1584 987 haud
1615 947 1696 988 scio
1725 960 1777 987 an
1809 946 1913 987 ni‘hil
1942 946 1994 988 ad
2022 945 2128 988 hanc
2157 946 2346 989 fiduciam

423 1019 695 1075 indicandam·
713 1019 805 1076 plus
837 1019 969 1062 valeat
998 1034 1120 1075 quam
1152 1019 1284 1076 ipsum
1317 1024 1476 1076 tempus
1507 1019 1703 1075 futurum,
1735 1019 1840 1077 quod
1872 1034 1960 1063 eam
1992 1025 2151 1063 tantum
2180 1021 2231 1063 ob
2251 1034 2344 1063 cau·

423 1107 509 1135 sam
541 1095 583 1135 in
616 1094 755 1135 aoristi
788 1094 1011 1149 optativum
1044 1094 1126 1147 (vel
1158 1094 1426 1148 infinitivum)
1456 1108 1547 1135 cum
1580 1094 1632 1135 ἄν
1657 1096 1843 1149 junctum
1865 1101 2059 1148 mutatur,
2081 1100 2210 1136 utres
2228 1097 2345 1150 quasi
2371 1151 2373 1153 .

423 1169 641 1211 modestius
672 1175 713 1209 et
742 1169 996 1210 dubitantius
1031 1169 1296 1224 exprimatur.
1361 1169 1565 1211 Praeterea
1595 1170 1629 1211 si
1658 1174 1747 1225 post
1776 1168 2168 1224 quodlibetdicendi
2197 1174 2238 1212 et
2257 1179 2347 1211 sen-¹

423 1243 550 1286 tiendi
597 1243 767 1286 verbum
812 1243 951 1286 aoristi
997 1243 1225 1286 infinitivus
1261 1244 1310 1286 de
1348 1244 1485 1287 futuro
1515 1250 1695 1301 tempore
1724 1244 1912 1300 usurpari
1943 1249 2086 1300 posset,
2118 1258 2198 1300 quo
2227 1239 2355 1297 modo

421 1318 649 1373 intelligere
695 1332 912 1374 possemuS,
960 1319 1122 1374 quando
1170 1319 1435 1374 praeteritum,
1466 1320 1628 1374 quando
1657 1319 1839 1360 futurum
1870 1319 2131 1374 respiceretur
2161 1312 2344 1375 tempus?
2393 1312 2396 1313 ⁷

421 1393 522 1445 Quae
554 1408 681 1449 quum
711 1395 769 1435 ita
800 1395 895 1448 sint,
927 1395 1067 1436 aoristi
1098 1395 1306 1449 infinitivi,
1339 1397 1410 1450 qui
1442 1401 1530 1451 post
1560 1396 1683 1437 verba
1714 1401 1834 1449 φημί,
1865 1396 2010 1446 οἴομαι
2042 1394 2189 1435 similia
2208 1408 2343 1436 oecur-

421 1474 532 1524 runt,
564 1483 804 1525 numquam,
837 1469 992 1525 opinor,
1027 1470 1105 1511 nisi
1138 1484 1297 1512 summa
1329 1471 1564 1513 necessitate
1590 1475 1766 1525 cogente,
1798 1470 1847 1512 de
1866 1470 2003 1512 futuro
2023 1474 2199 1526 tempore
2219 1469 2343 1512 inter-

420 1544 608 1600 pretandi
655 1549 764 1598 sunt,
803 1557 934 1599 neque
965 1557 1086 1585 causa
1117 1558 1201 1586 esse
1232 1545 1403 1599 videtur,
1435 1558 1507 1586 cur
1538 1545 1619 1586 illis
1649 1544 1757 1597 locis,
1790 1543 1859 1604 ubi
1889 1544 2071 1585 futurum
2103 1544 2183 1585 levi
2213 1548 2343 1585 muta-

420 1619 529 1660 tione
560 1619 719 1660 restitui
751 1620 888 1673 possit,
920 1624 1153 1660 contextum
1185 1620 1381 1661 librorum
1412 1625 1569 1660 mutare
1597 1620 1839 1660 dubitemus.

536 1702 577 1748 1.
638 1702 691 1743 In
721 1702 818 1744 locis
849 1702 1075 1744 Homericis
1105 1702 1326 1744 tractandis
1357 1702 1506 1757 primos
1537 1702 1627 1744 illos
1663 1701 1887 1754 afferemus,
1910 1701 1980 1743 ubi
2000 1705 2072 1742 aut
2091 1701 2342 1743 accusativus

419 1777 587 1833 quidam
619 1776 786 1832 subjecti
817 1776 903 1818 loco
932 1776 984 1818 ad
1014 1775 1265 1818 infinitivum
1297 1777 1503 1831 appositus
1533 1781 1604 1830 est,
1636 1780 1707 1817 aut
1737 1775 1880 1817 saltem
1901 1775 2012 1816 aliud
2032 1775 2226 1816 infinitivi
2249 1776 2341 1816 sub-

413 1853 567 1909 jectum
598 1856 671 1906 est,
703 1851 816 1892 aliud
847 1851 959 1892 verbi
991 1851 1109 1892 finiti.

535 1930 583 1983 a)
614 1927 669 1969 Et
714 1927 892 1984 primum
937 1926 1101 1983 quidem
1148 1926 1335 1968 nonnulli
1372 1926 1448 1968 loci
1479 1925 1712 1974 afferantur,
1745 1925 1815 1967 ubi
1845 1925 1983 1968 aoristi
2013 1925 2261 1968 infinitivum
2292 1926 2341 1969 de

419 2003 556 2046 futuro
601 2002 791 2059 usurpari
839 2015 921 2043 non
967 2006 1073 2043 recte
1117 2002 1442 2043 existimaverint
1473 2002 1551 2042 viri
1581 2002 1686 2042 docti
1716 2007 1787 2042 aut
1818 2002 1903 2041 sine
1933 2014 2053 2041 causa
2083 2002 2125 2041 in
2157 2001 2341 2042 futurum

418 2084 577 2121 mutare
607 2078 822 2120 voluerint.

534 2155 565 2203 β
599 2155 676 2195 171
728 2157 797 2193 καὶ
843 2154 926 2206 γὰρ
964 2157 1087 2207 κείνῳ
1119 2155 1226 2204 φημὶ
1257 2152 1553 2204 τελευτηθῆναι
1589 2147 1750 2192 ἅπαντα
1781 2153 1793 2202 l
1823 2146 1881 2196 ὥς
1911 2149 1951 2191 οἱ
1980 2149 2231 2205 ἐμυθεόμην
2259 2151 2342 2194 edi-

418 2233 536 2284 tores,
582 2241 683 2285 quos
728 2227 823 2281 adii,
869 2227 1169 2279 τελευτηθῆναι
1216 2227 1265 2268 de
1311 2226 1515 2282 praeterito
1561 2231 1738 2281 tempore
1774 2230 1879 2266 recte
1909 2225 2240 2281 interpretantur,
2271 2226 2340 2267 sed

417 2304 675 2358 grammatici
720 2304 769 2344 de
814 2303 962 2345 aoristo
1008 2303 1192 2344 futurum
1231 2307 1402 2363 tempusr
1421 2302 1674 2356 significante
1703 2306 1775 2342 aut
1802 2301 1851 2342 de
1881 2301 2027 2342 omissa
2058 2301 2256 2356 particula
2286 2300 2340 2342 ἄν

418 2378 543 2432 vulgo
588 2377 833 2420 mentionem
877 2376 1032 2419 faciunt
1052 2379 1081 2418 ².
1145 2375 1288 2432 Neque
1318 2381 1454 2418 tamen
1483 2375 1661 2417 dubitari
1692 2389 1804 2431 posse
1834 2374 2005 2429 videtur,
2037 2375 2138 2430 quin
2166 2376 2339 2418 aoristus
2389 2422 2392 2424 ,

522 2513 532 2532 ¹
562 2513 624 2546 Gr.
651 2514 711 2548 Gr.
739 2515 758 2558 ξ
783 2511 841 2548 53:
868 2512 903 2547 6.
929 2514 1031 2548 Anm.
1059 2512 1092 2546 9.
1144 2513 1274 2546 Contra
1305 2513 1520 2546 Lofstedtius
1547 2513 1623 2555 (Gr.
1650 2514 1709 2546 Gr.
1735 2514 1754 2556 ξ
1783 2510 1827 2544 77
1854 2512 1894 2545 V.
1922 2516 1996 2545 not.
2022 2510 2062 2555 4)
2089 2512 2188 2544 docet
2213 2512 2338 2544 Home-

417 2586 497 2608 rum
524 2574 565 2609 de
592 2575 651 2615 iis,
678 2585 758 2616 quoe
783 2574 975 2609 modestius·
1000 2574 1246 2618 affirmantur,
1272 2578 1311 2608 ut
1338 2574 1374 2608 in
1400 2577 1495 2609 recta
1521 2573 1677 2623 oratione
1703 2572 1900 2619 optativum
1925 2575 2017 2618 part.
2044 2567 2090 2607 ἂν
2106 2570 2208 2606 modo
2225 2570 2339 2618 posita

417 2633 519 2668 modo
558 2633 684 2666 omissa
722 2636 882 2677 usurpat,
923 2633 973 2665 ita
1004 2632 1041 2665 in
1071 2633 1212 2677 obliqua
1238 2634 1393 2667 oratione
1419 2633 1632 2667 infinitivum
1658 2633 1713 2666 vel
1738 2644 1817 2666 cum
1842 2627 1888 2666 ἂν
1912 2632 1967 2665 vel
1992 2632 2065 2665 sine
2091 2626 2138 2664 ἂν
2163 2631 2337 2665 adhibere.

417 2692 485 2726 Sed
524 2692 665 2726 omnino
703 2692 773 2725 illis
803 2692 897 2732 locis,
930 2691 989 2726 ubi
1018 2691 1060 2725 de
1086 2692 1191 2726 rebus
1217 2693 1345 2727 futuris
1371 2704 1445 2726 aor.
1471 2693 1533 2726 inf.
1560 2692 1653 2736 apud
1678 2691 1865 2725 Homerum
1891 2692 2081 2735 usui-patuis
2107 2690 2257 2732 videtur,
2284 2703 2338 2725 res

417 2750 575 2795 quaedum
601 2750 720 2795 potius
746 2753 842 2783 certo
869 2754 1040 2783 eventura
1065 2750 1195 2783 dicitur
1219 2762 1323 2794 quam
1348 2750 1424 2783 fieri
1450 2762 1550 2796 posse
1576 2751 1727 2783 modeste
1745 2749 1956 2788 affirmatur,
1976 2760 2087 2792 neque
2104 2750 2268 2783 credibile
2286 2754 2338 2783 est

418 2809 616 2853 Homerum,
656 2809 718 2854 qui
746 2815 827 2843 ‘uno
864 2812 1003 2843 tantum
1042 2809 1116 2843 loco
1144 2810 1179 2856 (Ι
1205 2808 1295 2856 684)
1326 2822 1398 2843 aor.
1422 2809 1642 2844 ‚infinitivum
1668 2821 1744 2843 cum
1770 2804 1816 2843 ἂν
1841 2808 1998 2853 optativo
2024 2820 2100 2842 cum
2127 2804 2173 2842 ι’ὶν
2198 2820 2338 2854 respon-

417 2868 556 2901 dentem
580 2868 818 2912 usurpaverit,
845 2879 917 2902 aor.
943 2868 1004 2902 inf.
1033 2868 1106 2901 sine
1132 2865 1188 2911 ἄν,
1213 2868 1263 2901 ita
1290 2872 1329 2902 ut
1356 2868 1516 2912 optativo
1540 2868 1593 2901 illi
1618 2867 1800 2901 Homerico
1824 2866 2009 2911 potentiali
2035 2867 2107 2901 sine
2132 2862 2180 2901 ἂν
2196 2879 2338 2913 respon-

416 2925 528 2968 deret,
554 2923 680 2969 saepius
704 2925 917 2960 adhibuisse.
