2690 3597
456 254 510 292 10
1290 267 1320 297 s.
1342 267 1371 297 J.
1394 267 1555 298 eavauin.

452 369 475 407 ὁ
509 371 591 408 378
624 366 735 406 ἀλλά
766 382 813 405 νυ
843 368 988 415 μέλλω
1020 371 1030 415 l
1061 365 1300 409 ἀθανάτους
1331 365 1558 418 ἀλιτέσθαι,
1591 383 1612 406 υ
1649 369 1728 406 134
1759 371 1828 406 τοῦ
1859 367 1893 406 δ’
1927 366 2004 418 ἤδη
2028 369 2230 416 μέλλουσι
2257 369 2377 413 κύνες

452 442 586 494 ταχέες
629 440 660 482 τ’
706 440 855 481 οἰωνοί
880 444 892 492 l
924 441 1039 496 ῥινὸν
1084 437 1152 480 ἀπ’
1198 437 1386 492 ὀστεόφιν
1418 440 1569 495 ἐρύσαι.
1630 440 1774 496 Neque
1806 456 1899 483 vero
1927 441 2150 497 quidquam
2180 442 2374 498 impedire
2433 489 2436 495 ‚

452 516 628 569 videtur,·
672 515 890 571 quominus
936 520 1161 557 statuamus
1191 515 1330 557 aoristi
1363 515 1613 557 infinitivum
1645 516 1895 571 praeteritum
1926 515 2162 570 significare
2183 517 2246 559 his
2277 517 2372 559 locis

454 593 499 630 Σ
527 592 610 631 362
659 594 727 629 καὶ
773 593 854 640 μὲν
899 590 951 643 δή
986 590 1064 628 πού
1096 602 1151 629 τις
1180 591 1324 640 μέλλει
1356 592 1504 643 aporos·
1532 587 1648 644 ἆνὸρῑ
1680 591 1855 630 τελέσσαι
1885 597 1924 631 et
1955 593 1996 629 Ω
2026 594 2081 631 46
2115 592 2259 642 μέλλει
2290 598 2373 643 μέν

452 669 534 707 πού
578 682 635 710 τις
673 669 743 705 καὶ
774 667 962 718 φίλτερον
993 663 1124 705 ἄλλον
1156 662 1330 714 ὀλέσσαι,
1361 679 1609 719 quamquam
1641 665 1703 706 his
1734 665 1949 707 infinitivis
1981 666 2218 721 interpretes
2250 668 2372 722 vulgo

452 742 664 798 praesentis
709 740 1041 795 significationem
1082 740 1248 781 addunt.
1281 763 1340 769 —
1378 740 1524 781 Futuri
1555 740 1782 793 infinitivus
1812 741 1985 782 occurrit
2020 745 2059 781 Ψ
2089 744 2172 782 544
2204 742 2373 792 μέλλεις

452 817 536 869 γάρ
568 814 876 869 ἀφαιρήσεσθαι
910 814 1091 855 camon:
1126 816 1339 869 praemium
1371 815 1471 854 mihi
1505 815 1653 855 videris
1684 820 1898 866 erepturus
1932 829 2025 856 esse.

566 890 644 941 Qui
674 899 808 932 autem
841 894 928 945 post
959 890 1167 941 sperandi,
1191 890 1469 940 promittendi,
1501 890 1699 940 minandi,
1722 890 1901 939 jurandi
1932 891 2054 932 verba
2086 896 2125 933 et
2153 891 2371 934 locutiones

452 971 669 1008 occurrunt
709 965 904 1007 infinitivi
937 965 1075 1007 aoristi
1108 970 1147 1005 et
1178 965 1318 1017 futuri,
1351 965 1394 1005 in
1427 965 1521 1018 illis,
1554 979 1645 1020 quae
1676 971 1899 1020 sequuntur
1931 966 1986 1024 II.
2022 967 2083 1020 B.,
2115 968 2248 1008 cuncti
2280 967 2371 1008 affe-

452 1047 605 1082 rentur.

567 1115 625 1156 At
669 1116 774 1170 quod
822 1115 969 1156 dicitur
1008 1115 1111 1156 nihil
1143 1116 1230 1155 sine
1262 1115 1495 1169 exceptione
1527 1115 1672 1168 valere,
1705 1115 1745 1157 id
1777 1116 1898 1157 etiam
1930 1117 1979 1157 ad
2010 1118 2148 1158 aoristi
2179 1118 2369 1160 infinitivi

450 1189 786 1243 significationem
817 1196 903 1245 post
934 1189 1091 1230 dicendi
1124 1194 1163 1229 et
1194 1189 1390 1229 sentiendi
1424 1189 1544 1230 verba
1576 1189 1760 1244 pertinet.
1825 1189 1892 1230 Fit
1923 1190 2031 1231 enim
2064 1205 2368 1248 nonnumquam

451 1288 510 1294 —
539 1265 676 1306 eodem
723 1265 850 1317 modo,
886 1279 966 1319 quo
1001 1265 1139 1306 aoristi
1172 1265 1430 1319 participium
1462 1265 1511 1305 ad
1543 1265 1806 1306 indicativum
1839 1267 1977 1307 aoristi
2010 1276 2080 1307 aut
2110 1267 2159 1308 ad
2192 1282 2368 1322 praesens

449 1340 686 1382 historicum
735 1340 906 1380 relatum
952 1340 1100 1381 amissa
1136 1340 1206 1380 illa
1238 1341 1508 1381 antecedentis
1539 1341 1707 1381 actionis
1739 1340 2029 1394 significatione
2061 1342 2166 1383 idem
2199 1348 2367 1398 tempus,

448 1415 555 1469 quod
602 1415 770 1456 verbum
816 1415 990 1467 finitum,
1038 1415 1188 1455 indicat
1210 1418 1222 1438 ¹
1261 1440 1313 1444 —
1347 1420 1392 1455 ut
1423 1415 1648 1455 infinitivus
1680 1416 1816 1456 aoristi
1848 1416 1897 1456 ad
1931 1421 2088 1470 tempus
2120 1418 2369 1471 praeteritum

448 1489 600 1531 relatus
647 1504 726 1531 non
765 1504 825 1543 ea,
857 1504 949 1545 quae
979 1489 1125 1531 actioni
1157 1490 1269 1530 verbi
1301 1489 1403 1530 finiti
1436 1490 1688 1542 antecedunt,
1722 1490 1920 1544 significet
1950 1490 2017 1531 sed
2052 1504 2134 1532 rem
2165 1492 2369 1546 quandam

448 1565 696 1619 praeteritam
742 1565 793 1605 ad
839 1565 945 1605 idem
991 1571 1162 1619 tempus,
1202 1565 1307 1619 quod
1338 1565 1531 1619 exprimit
1565 1565 1731 1605 verbum
1766 1564 1938 1617 finitum,
1973 1566 2138 1606 relatam
2172 1566 2319 1607 indicet
2340 1570 2367 1607 ².

449 1639 592 1695 Neque
639 1646 789 1693 tamen,
835 1644 1032 1695 quantum
1066 1640 1160 1692 vidi,
1194 1639 1259 1680 hic
1290 1639 1428 1681 aoristi
1460 1639 1652 1680 infinitivi
1684 1653 1780 1680 usus
1810 1640 1984 1680 occurrit
2016 1640 2093 1681 nisi
2126 1646 2215 1695 post
2248 1641 2370 1682 verba

447 1716 635 1770 quaedam
681 1716 877 1757 sentiendi
926 1717 1089 1755 δοκεῖν
1135 1720 1174 1755 et
1220 1715 1381 1767 similia,
1422 1728 1512 1769 quae
1545 1715 1713 1769 passivae
1746 1714 2029 1767 significationi
2061 1716 2173 1755 verbi
2207 1718 2369 1757 videndi

448 1792 708 1847 respondent;
741 1797 780 1832 et
811 1791 973 1846 quidem
1006 1790 1224 1845 saepissime
1255 1789 1462 1831 invenitur
1496 1794 1581 1844 post
1613 1789 1780 1831 verbum
1813 1789 1950 1830 δοκεῖν
1981 1790 2062 1831 illis
2093 1790 2201 1844 locis,
2233 1792 2299 1832 ubi
2320 1792 2369 1833 de

446 1866 626 1918 somniis,
661 1866 768 1917 visis,
802 1865 996 1920 portentis
1028 1865 1175 1906 mentio
1206 1864 1263 1916 fit,
1296 1865 1444 1918 quibus
1478 1864 1572 1905 locis
1605 1863 1700 1904 satis
1733 1864 1973 1918 perspicitur
2007 1869 2217 1919 utramque
2248 1866 2369 1907 actio-

447 1957 540 1984 nem
586 1942 636 1983 ad
683 1942 787 1984 idem
820 1947 978 1996 tempus
1010 1942 1209 1996 pertinere
1241 1948 1280 1983 et
1312 1955 1618 1994 nonnumquam
1651 1940 1754 1981 actio
1785 1939 1977 1981 infinitivi
2009 1940 2095 1995 ipsa
2124 1955 2194 1995 per
2225 1955 2266 1982 se
2299 1942 2368 1983 vix

446 2017 614 2071 cogitari
646 2018 781 2073 possit,
816 2023 859 2057 ut
892 2018 997 2057 Plat.
1035 2017 1133 2056 Crit.
1168 2018 1223 2056 44
1258 2015 1384 2055 ἐδόκει
1420 2027 1473 2055 τις
1503 2015 1608 2067 γυνή
1639 2038 1699 2044 -
1732 2016 1902 2054 καλέσαι
1934 2030 1987 2065 με
2023 2019 2105 2065 (me
2137 2029 2279 2056 vocare
2311 2019 2369 2057 vi-

446 2093 635 2144 debatur)
682 2096 751 2133 καῑ
798 2092 939 2144 εἰπεῖν,
987 2091 1093 2132 Xen.
1126 2091 1260 2133 Anah.
1294 2090 1375 2131 ΠΙ.
1415 2094 1449 2131 1.
1489 2093 1533 2131 ll
1588 2089 1730 2138 ἔδοξεν
1777 2086 1891 2144 αὐτῷ
1937 2091 2111 2142 βρονιῆεΙ
2142 2092 2370 2144 γενομένης

446 2170 622 2219 σκηπιός
667 2171 805 2207 πεσεῖν
850 2166 905 2212 εἰς
951 2167 1025 2220 τήν
1056 2167 1257 2221 πατρῴαν
1290 2166 1437 2218 οἰκίαν,
1470 2165 1577 2219 apud
1608 2164 1856 2204 Herodotum
1888 2164 2008 2204 etiam
2041 2170 2128 2218 post
2158 2166 2295 2204 δοκεῖν
2326 2166 2369 2205 in

444 2243 579 2283 activa
610 2241 902 2296 significatione
933 2244 1170 2293 (somniare,
1200 2254 1337 2281 somno
1368 2242 1526 2289 videre)
1560 2244 1604 2279 ut
1635 2238 1734 2278 VII.
1776 2240 1823 2279 12
1858 2238 1994 2278 ἐδόκεε
2021 2238 2044 2277 ὖ
2065 2239 2218 2291 Ξέρξης
2239 2238 2368 2292 ἄνδρα

446 2316 486 2357 02
517 2316 734 2356 ἐπιστάντα
764 2340 823 2346 --
856 2315 996 2356 εἰπεῖν.
1060 2315 1316 2369 Quamquam
1363 2314 1483 2355 etiam
1530 2313 1620 2353 aliis
1660 2312 1756 2353 locis
1803 2318 1890 2368 post
1922 2313 2060 2353 δοκεῖν
2090 2327 2172 2354 aor.
2206 2313 2277 2354 inf.
2311 2314 2369 2355 ita

445 2392 634 2446 usurpari
674 2390 902 2432 testimonio
932 2396 991 2432 est
1024 2390 1130 2431 Xen.
1163 2390 1296 2430 Anah.
1330 2389 1363 2429 I.
1399 2392 1437 2429 6.
1474 2392 1496 2428 Ξ)
1536 2388 1743 2440 Κλέαρχος
1775 2392 1842 2426 καὶ
1874 2384 1986 2441 αὐτῷ
2017 2392 2085 2426 καὶ
2117 2392 2198 2432 τοῖς
2228 2385 2369 2429 ἅλλοῖς

444 2466 579 2506 ἐδόκει
624 2467 944 2518 προτιμηθῆναι
983 2465 1161 2516 μάλιστα
1208 2467 1289 2503 ιιῦν
1330 2463 1545 2516 Ἑλλήνων
1589 2465 1639 2516 (o:
1690 2462 1868 2517 primum
1904 2462 2010 2502 inter
2042 2461 2204 2503 Graecos
2235 2464 2367 2504 locum

445 2545 582 2583 tenere
611 2564 669 2571 —
701 2539 943 2593 videbatur).
977 2538 1101 2594 Apud
1124 2538 1345 2580 Homerum
1369 2552 1497 2579 unum
1520 2542 1677 2579 tantum
1700 2536 1888 2591 ejusmodi
1912 2536 2142 2591 exemplum
2165 2536 2260 2590 vidi,
2281 2541 2367 2592 post

442 2616 613 2667 εἴδομαι
645 2615 668 2656 Ι
700 2617 782 2656 645
815 2616 946 2655 πάντα
979 2621 1017 2654 τί
1044 2629 1121 2665 μοι
1152 2618 1253 2653 κατὰ
1278 2615 1421 2664 θυμόν
1453 2614 1586 2653 ἐείσαο
1618 2613 1901 2665 μυθήσασθαι
1935 2611 2088 2666 (dicere
2123 2613 2229 2652 visus
2260 2613 2334 2667 es).

544 2783 555 2804 ¹
585 2784 656 2818 Cfr.
685 2785 860 2824 MADWG„
888 2784 1155 2828 Bemerkungen
1181 2797 1214 2828 p.
1241 2783 1298 2819 45.

544 2842 557 2862 ²
585 2844 655 2877 cfr.
684 2842 770 2878 Can.
798 2842 994 2882 CAVALL1N‚
1024 2843 1178 2878 Grelrisk
1208 2844 1347 2886 Syntax
1372 2842 1393 2890 ξ
1419 2840 1486 2875 231
1509 2846 1542 2875 et
1561 2840 1883 2874 commentationem
1902 2850 2025 2871 meam:
2045 2839 2100 2871 De
2121 2838 2365 2879 Xenophonteo

444 2903 654 2946 Temporum
673 2907 704 2938 et
722 2903 912 2938 Modorum
930 2913 1000 2938 usu
1019 2906 1053 2935 et
1071 2915 1097 2938 c.
1117 2902 1156 2937 P.
1175 2902 1189 2935 I
1208 2914 1241 2946 p.
1262 2899 1319 2943 35,
1340 2907 1412 2937 not.
1431 2902 1484 2947 (in
1510 2901 1619 2935 'Actis
1636 2899 1887 2935 Universitatis
1906 2897 2110 2932 Lundensis'
2128 2896 2225 2932 Tom.
2242 2895 2363 2941 XVI.).
