2690 3597
382 278 406 318 2
1219 287 1250 320 S.
1271 289 1302 319 J.
1326 287 1476 320 Cavallin

382 393 581 450 exposuit,
628 395 674 431 ut
720 390 822 431 mihi
870 389 1032 446 quidem
1064 389 1151 430 haeo
1182 387 1332 442 legenti
1363 384 1538 426 dubitari
1571 384 1642 425 vix
1674 395 1785 440 posse
1816 381 2031 434 videretur,
2064 379 2164 435 quin
2195 378 2303 434 quis-

382 470 474 524 quis
518 467 809 522 expositionem
855 466 1054 519 Madvigii
1099 463 1334 518 diligentius
1372 462 1616 517 perlegisset,
1649 459 1764 500 facile
1795 458 1870 499 sibi
1902 468 2166 512 persuasurus
2199 459 2302 494 esset

383 544 519 584 omnia
564 556 658 582 oum
705 546 810 581 recte
857 541 1048 581 docuisse.
1113 540 1212 588 Quae
1259 538 1394 591 opinio
1441 550 1503 576 me
1550 535 1665 576 valde
1706 533 1858 574 fefellit.
1921 532 2025 573 Nam
2058 540 2304 584 quamquam

385 618 525 672 negari
558 631 639 659 non
672 621 802 673 potest
836 616 941 657 viros
972 615 1118 668 doctos,
1152 614 1222 669 qui
1254 614 1295 654 in
1329 611 1576 653 carminibus
1608 608 1834 651 Homericis
1854 604 2103 662 explicandis
2123 608 2161 644 et
2184 590 2305 644 inter-

385 693 591 749 pretandis
636 692 700 733 his
749 691 943 747 proximis
988 690 1106 731 annis
1156 689 1301 730 versati
1339 694 1445 740 sunt,
1479 686 1529 728 ad
1561 685 1667 727 hanc
1698 684 1826 740 ipsam
1857 680 2120 737 quaestionem
2148 678 2306 720 'animos

385 768 621 823 diligentius
652 765 883 818 attendisse,
916 770 1051 806 tamen
1083 764 1130 806 de
1163 763 1236 805 hac
1268 778 1310 804 re
1343 762 1446 803 inter
1480 761 1585 801 viros
1616 757 1863 800 doctissimos
1894 755 2071 798 nondum
2105 751 2302 795 convenit.

387 843 601 885 NAucmus
644 841 807 896 quidem
854 839 896 881 in
944 839 1117 880 editione
1165 836 1377 879 Homerica
1400 838 1412 859 ¹
1463 834 1611 876 multos
1656 833 1822 875 aoristos
1869 831 1909 872 in
1947 830 2083 871 futura
2115 825 2305 878 mutavit;
2369 866 2371 868 ,

386 921 579 972 praeterea
610 914 655 954 C.
685 913 735 954 G.
758 913 943 953 Cossmus
964 915 993 966 ²,
1026 913 1096 967 qui
1128 912 1250 951 etiam
1283 918 1401 950 antea
1422 911 1435 932 ³
1471 909 1564 948 huic
1594 906 1806 962 quaestioni
1830 918 1991 961 operam
2012 903 2185 955 dederat,
2206 906 2245 942 et
2266 899 2305 939 S-

386 994 437 1033 A.
473 991 621 1030 NABER
640 992 652 1010 ⁴
704 1002 769 1028 eos
806 988 986 1038 aoristos,
1018 987 1086 1039 qui
1121 985 1228 1025 facili
1262 983 1483 1024 mutatione
1514 983 1556 1021 iu
1588 982 1724 1021 futura
1757 980 1882 1033 redigi
1914 983 2092 1034 possunt,
2124 977 2308 1018 emenda-

388 1072 546 1117 verunt,
594 1076 840 1118 quamquam
886 1062 927 1101 hi
966 1062 1044 1101 duo
1078 1072 1382 1113 nonnumquam
1416 1057 1514 1097 tales
1545 1056 1692 1096 formas
1724 1059 1996 1105 mut-averunt,
2028 1066 2128 1107 quas
2161 1052 2308 1092 mutari

387 1154 516 1194 neque
549 1151 704 1179 necesse
735 1143 836 1177 esset
869 1149 995 1189 neque
1027 1139 1238 1188 oporteret.
1301 1131 1451 1171 Contra
1498 1129 1676 1184 plurimi,
1725 1128 1853 1179 credo,
1900 1127 2068 1167 editores
2105 1126 2176 1166 hos
2206 1126 2307 1166 aori-

388 1221 468 1255 stos
516 1212 746 1254 retinendos
791 1224 873 1251 esse
919 1213 1095 1259 censent,
1129 1214 1167 1248 et
1207 1206 1268 1245 vir
1305 1205 1353 1244 de
1386 1202 1717 1259 interpretatione
1749 1201 1918 1242 Homeri
1951 1200 2230 1242 meritissimus
2261 1199 2304 1240 C.

389 1289 601 1330 HENszs
632 1287 674 1327 in
706 1283 1005 1327 commentariis
1037 1282 1145 1322 hunc
1176 1280 1313 1321 aoristi
1346 1293 1463 1319 usum
1496 1276 1770 1332 compluribus
1796 1275 1892 1316 locis
1915 1275 2123 1317 defendere
2143 1280 2308 1316 conatus

388 1371 446 1405 est
469 1369 496 1404 ³.
560 1362 672 1412 Quod
721 1367 855 1401 autem
901 1358 1047 1413 quaerit
1095 1355 1328 1409 Madvigius
1374 1354 1423 1394 ad
1471 1353 1591 1394 finem
1639 1350 1937 1406 perducta'hac
1966 1350 2197 1404 quaestione,
2234 1350 2308 1391 'sa-

389 1444 491 1483 tisne
523 1440 646 1480 mulla
676 1436 818 1490 (verba
849 1435 896 1475 de
928 1448 969 1475 re
1002 1446 1128 1488 parva
1160 1444 1231 1471 nec
1263 1443 1367 1471 nova
1389 1428 1542 1478 fecerit)
1565 1429 1619 1467 ad
1640 1427 1914 1478 expellendum
1937 1429 2109 1465 veterem
2131 1437 2308 1464 errorem

388 1521 425 1557 et
455 1517 510 1556 ad
538 1513 744 1565 ignaviam
775 1509 992 1562 qucerendi‚
1024 1508 1224 1547 {critatem
1244 1504 1432 1555 finyende'
1463 1516 1510 1542 ex
1542 1502 1613 1542 hoc
1644 1501 1785 1541 saltem
1807 1498 2150 1550 locofuqandam'
2172 1500 2200 1547 ⁶,
2231 1497 2307 1538 nisi

387 1589 518 1639 fallor,
564 1591 603 1629 et
647 1586 689 1639 ii,
722 1584 792 1640 qui
825 1581 1022 1635 Madvigii
1055 1578 1292 1620 senteutiam
1325 1576 1502 1632 amplexi
1535 1579 1641 1628 sunt,
1675 1573 1859 1630 pluribus
1890 1573 2012 1614 etiam
2044 1572 2176 1612 verbis
2209 1585 2308 1628 opus

387 1677 470 1704 esse
517 1661 613 1701 satis
659 1661 934 1711 cognoverunt
965 1655 1014 1694 ad
1046 1653 1213 1693 aoristos
1243 1651 1333 1691 illos
1363 1651 1411 1690 de
1442 1650 1575 1689 futuro
1606 1653 1784 1701 tempore
1819 1650 2030 1700 usurpatos
2063 1660 2083 1686 e
2116 1650 2307 1687 contextu

389 1736 604 1778 Homerico
650 1731 922 1781 removendos,
969 1741 1098 1782 neque
1126 1728 1174 1777 ii,
1206 1726 1276 1781 qui
1308 1725 1473 1766 aoristos
1505 1724 1594 1764 illos
1627 1723 1809 1763 futurum
1842 1726 1999 1776 tempus
2032 1720 2306 1774 significantes

389 1818 568 1863 tuentur,
601 1807 776 1863 ignaviae
807 1809 877 1845 aut
908 1802 1085 1843 levitatis
1116 1801 1269 1840 crimen
1301 1799 1417 1838 facile
1449 1802 1681 1852 agnoscent.

504 1884 637 1935 Quum
685 1881 735 1922 ad
782 1880 914 1920 studia
952 1877 1169 1917 Homerica
1203 1879 1355 1914 retenta
1387 1873 1523 1913 animo
1555 1871 1719 1912 remissa
1753 1870 1996 1924 temporibus
2030 1881 2108 1909 non
2142 1869 2197 1907 ita
2230 1868 2310 1923 pri-

388 1961 478 2002 dem
511 1972 574 2000 me
606 1957 832 1999 retulissem
865 1959 985 2010 atque
1017 1966 1075 2005 ea,
1108 1964 1199 2007 quae
1233 1947 1516 1990 recentissimis
1549 1945 1794 2002 temporibus
1825 1945 1873 1985 de
1901 1943 2190 1998 significatione
2213 1947 2310 1983 tem-

388 2049 532 2091 porum
565 2031 756 2072 infinitivi
789 2035 1017 2069 statuerunt
1058 2027 1135 2065 viri
1167 2026 1283 2077 docti,
1318 2024 1547 2080 perquirere
1579 2022 1808 2076 coepissem,
1842 2032 1990 2073 magna
2021 2032 2111 2058 cum
2143 2018 2311 2058 delecta-

390 2110 496 2149 tione
544 2106 700 2161 percepi
748 2119 810 2143 me
856 2117 937 2142 non
984 2102 1135 2141 frustra
1176 2101 1218 2139 in
1252 2099 1325 2138 hac
1360 2113 1400 2137 re
1433 2104 1591 2150 tempus
1622 2102 1661 2135 et
1691 2109 1853 2149 operam
1884 2093 2175 2147 consumpsisse
2206 2106 2311 2132 com-

389 2181 758 2233 mentationemque
805 2191 935 2219 meam
982 2189 1088 2217 anno
1133 2176 1241 2215 1875
1282 2173 1429 2214 editam
1463 2171 1526 2211 vel
1558 2171 1600 2211 in
1633 2168 1916 2210 recentissimis
1946 2165 2242 2209 commentariis
2273 2170 2312 2208 et

389 2256 530 2297 lexicis
577 2252 804 2295 Homericis
851 2263 931 2291 non
978 2262 1069 2290 raro
1114 2245 1416 2290 commemorari
1466 2244 1528 2285 vel
1576 2258 1599 2284 a
1646 2243 1732 2284 viro
1777 2242 1824 2284 de
1865 2240 2194 2296 interpretatione
2225 2253 2310 2281 car-

392 2330 547 2371 minum
596 2326 902 2368 Homericorum
949 2323 1098 2378 optime
1145 2321 1287 2362 merito
1319 2319 1363 2360 C.
1398 2319 1604 2359 CAPELmo
1635 2317 1798 2371 dignam
1832 2315 2104 2357 existimatam
2136 2327 2232 2367 esse,
2264 2313 2312 2354 de

493 2499 505 2518 ¹
536 2500 726 2531 Homerica
769 2497 939 2528 Carmina
978 2496 1031 2527 ed.
1073 2495 1259 2534 Λαμπείης
1287 2495 1426 2525 Nam-Ic.
1456 2492 1529 2521 Vol.
1560 2492 1585 2522 Ι.
1614 2492 1710 2522 Ilias
1738 2490 1822 2520 Pars
1851 2489 1874 2519 Ι.
1904 2486 2053 2518 Berolini
2086 2484 2186 2517 1877.
2227 2486 2312 2516 Pars

390 2560 434 2593 11.
468 2555 572 2592 1879.
626 2556 703 2591 Vol.
731 2555 774 2590 11.
806 2554 959 2598 Odyssea
989 2552 1074 2586 Pars
1102 2552 1127 2585 1.
1162 2548 1262 2586 1874.
1291 2550 1376 2584 Pars
1404 2550 1445 2584 II.
1479 2546 1579 2583 1874.

492 2617 504 2635 ²
535 2617 774 2650 Miscellanea
804 2614 950 2653 Critica,
978 2611 1143 2655 Lugduni
1174 2611 1384 2642 Batavorum
1418 2607 1507 2641 1376
1535 2619 1591 2651 pp.
1621 2603 1825 2640 323—330.

491 2676 504 2693 ³
540 2677 661 2707 Varia?
688 2675 884 2711 Lectiones,
916 2671 1007 2703 1554
1026 2682 1083 2713 pp.
1105 2669 1162 2701 98.
1183 2668 1263 2705 262,
1286 2667 1367 2700 269,
1389 2686 1432 2690 ——
1454 2670 1561 2698 Nosoe
1576 2668 1771 2697 Lectiones.
1795 2663 1895 2700 1858,
1916 2675 1948 2705 p.
1972 2662 2050 2701 164,
2070 2660 2139 2692 365
2160 2673 2209 2702 sq.
2229 2660 2310 2692 405.

492 2734 505 2754 ⁴
535 2735 753 2777 Quaestiones
775 2732 980 2769 Homericae,
1009 2727 1254 2761 Amstelodami
1286 2724 1374 2760 1877
1405 2725 1482 2761 (Ed.
1510 2725 1613 2758 Acad.
1642 2725 1725 2766 Reg.
1754 2721 2017 2766 disciplinarum
2044 2718 2311 2761 Nederlandica)

390 2808 448 2839 pp.
480 2789 683 2829 101—105.

491 2854 503 2872 ⁵
532 2852 602 2885 Cfr.
630 2851 789 2892 Anhang]
816 2861 863 2882 εῑι
892 2850 1040 2882 Homers
1068 2848 1174 2880 Ilias.
1202 2845 1227 2876 1.
1258 2844 1349 2877 Heft.
1376 2844 1522 2888 Leipzig
1553 2841 1642 2876 1877
1672 2853 1728 2885 pp.
1760 2839 1837 2879 179,
1873 2838 1941 2873 180
1960 2839 2002 2871 ad
2026 2840 2056 2871 1·
2074 2837 2129 2878 28,
2157 2838 2313 2879 Anhany

389 2923 436 2946 zu
460 2913 609 2945 Homers
639 2911 806 2952 Odyssea,
836 2908 860 2942 I.
890 2908 981 2941 Heft.
1011 2905 1153 2949 Leipzig
1184 2901 1276 2935 1879
1304 2915 1360 2946 pp.
1389 2902 1445 2941 «33,
1475 2901 1520 2935 (54
1549 2903 1589 2935 ad
1617 2902 1642 2944 ρ’
1669 2899 1749 2941 373·,
1783 2900 1860 2933 aliis
1886 2910 2024 2942 quoque
2052 2897 2134 2930 locis
2161 2897 2230 2929 haec
2257 2906 2312 2929 res

390 2973 689 3002 commemoratur.

491 3028 504 3047 ⁶
533 3028 621 3059 Adv.
651 3027 736 3058 Crit.
765 3027 789 3058 I.
817 3038 849 3068 p.
883 3023 962 3057 182.
