2690 3597
0 0 69 94 ,Ὗ

81 0 134 40 ἐ

154 14 175 17 1

422 297 445 336 6
1257 309 1287 340 5.
1309 309 1339 340 J.
1365 308 1522 339 oavauiu.

420 426 499 467 que
544 425 685 465 genus.
718 410 895 451 indicare
940 423 1065 464 posse.
1128 409 1316 450 Ceterum
1363 408 1489 449 futuri
1535 408 1761 465 infinitivus
1799 407 1850 448 ad
1882 406 2038 447 dicendi
2068 410 2107 448 et
2138 397 2336 450 sentiendi

421 488 542 529 verba
590 492 697 527 totus
743 485 824 525 fere
871 484 1060 539 pertinet,
1101 489 1373 538 praeterquam
1410 483 1516 537 quod
1547 482 1597 523 ad
1629 482 1800 523 verbum
1831 482 1976 532 μέλλω
2007 495 2184 538 persaepe
2215 486 2255 522 et
2284 481 2335 522 ad

420 561 619 602 nonnulla
666 560 792 600 verba
837 559 1011 612 ejusdem
1059 558 1139 599 fere
1178 557 1493 610 significationis,
1523 570 1614 610 quae
1645 557 1803 611 proprie
1833 557 1958 597 verba
1988 557 2186 598 sentiendi
2215 557 2337 599 fuisse

420 635 622 686 videntur,
655 634 834 687 (μέμαα,
866 638 1046 684 μέμονα,
1078 632 1185 684 sim.)
1217 644 1297 671 non
1328 630 1384 671 ita
1416 644 1506 671 raro
1535 630 1719 671 occurrit.

465 694 473 704 ⁸
536 708 632 750 Jam
678 713 724 749 ut
770 708 820 748 ad
866 706 1003 748 aoristi
1038 693 1287 746 infinitivum
1318 719 1390 746 nos
1420 705 1720 757 transferamus,
1753 705 1854 746 illud
1885 705 2061 760 primum
2091 706 2334 748 monendum

421 791 494 837 est,
527 791 572 824 ut
604 783 646 823 in
679 782 897 823 indicativo
927 780 1098 822 aoristus
1129 785 1346 834 usurpetur
1377 779 1427 820 ad
1459 793 1521 820 res
1552 780 1777 834 praeteritas
1808 780 2041 821 indicandas
2065 780 2185 837 *nulla
2207 795 2337 836 neque

421 858 700 900 diuturnitatis
746 863 815 898 aut
844 856 1069 897 iterationis
1100 870 1229 909 neque
1260 856 1428 895 actionis
1461 855 1644 909 perfecta}
1678 856 1832 896 ratione
1863 856 2013 908 habita,
2045 870 2135 910 quae
2168 870 2229 896 res
2260 856 2336 897 im-

422 934 595 988 perfecto
630 938 668 973 et
706 931 1095 986 plusquamperfecto
1125 928 1416 983 significantur,
1451 930 1508 970 ita
1539 929 1741 970 infinitivo
1770 930 1907 971 aoristi
1938 935 2027 985 post
2056 930 2213 971 dicendi
2245 945 2334 972 sen-

420 1008 624 1062 tiendique
656 1007 791 1057 verba,
823 1006 897 1047 hoc
938 1006 1041 1047 idem
1074 1011 1119 1046 ut
1150 1005 1415 1059 significaret,
1440 1005 1626 1046 universe
1658 1005 1904 1059 propositum
1935 1020 2031 1057 esse,
2064 1005 2169 1046 hano
2199 1010 2334 1047 autem

420 1082 614 1138 praeteriti
661 1081 850 1136 temporis
895 1080 1242 1134 significationem,
1290 1093 1380 1133 quae
1417 1080 1459 1119 in
1492 1080 1578 1134 ipsa
1610 1080 1800 1120 infinitivi
1831 1080 1971 1132 forma,
2003 1086 2220 1134 augmento
2253 1094 2333 1121 non

421 1158 629 1217 instructa,
661 1156 768 1211 quod
800 1169 927 1197 unum
959 1155 1001 1196 in
1033 1155 1174 1209 lingua
1207 1153 1351 1195 Graeca
1381 1154 1430 1195 ad
1463 1154 1713 1209 praeteritum
1746 1159 1903 1210 tempus
1933 1155 2193 1197 indicandum
2214 1155 2335 1209 valet,

420 1246 500 1273 non
532 1232 776 1283 inveniatur,
809 1237 934 1272 totam
965 1244 1016 1271 ex
1048 1244 1093 1271 eo
1125 1230 1380 1284 repetendam
1412 1243 1507 1281 esse,
1540 1229 1644 1283 quod
1677 1229 1901 1271 infinitivus
1932 1230 2001 1270 ille
2032 1231 2248 1272 indicativo
2275 1245 2336 1272 re-

420 1308 624 1363 spondeat.
687 1304 829 1362 Neque
874 1307 981 1349 enim
1029 1307 1076 1347 L.
1115 1306 1294 1347 MEYERO
1329 1306 1515 1349 assent-iri
1555 1320 1764 1361 possumus
1794 1306 1984 1348 statuenti
2015 1307 2208 1362 praeteriti
2238 1312 2337 1350 tem-

420 1385 527 1439 poris
572 1384 906 1437 significationem
953 1383 1043 1424 iude
1090 1383 1305 1437 profecta-m
1342 1397 1438 1433 esse,
1469 1383 1575 1436 quod
1607 1383 1743 1423 aoristi
1775 1382 1999 1423 infinitivus
2024 1384 2241 1433 praesentis
2273 1386 2333 1433 (=

419 1462 590 1502 actionis
614 1460 902 1511 perdurantis)
936 1458 1226 1512 significatione
1256 1462 1408 1499 careret
1429 1461 1458 1510 ¹,
1504 1471 1630 1513 quum
1673 1457 1769 1499 satis
1800 1462 1950 1499 constet
1982 1457 2175 1512 praeteriti
2207 1457 2333 1511 sigui-

419 1535 644 1576 ficationem
689 1534 810 1575 etiam
849 1534 892 1574 in
924 1533 1136 1574 infinitivis
1168 1533 1377 1587 praesentis
1410 1532 1657 1587 (imperfecto
1689 1533 2035 1587 respondentibus)
2067 1547 2242 1588 persaepe
2272 1547 2336 1574 oc·

418 1624 578 1651 currere
616 1622 744 1662 neque
776 1609 818 1648 111
850 1608 933 1648 11115
965 1614 1122 1660 tantum
1155 1593 1363 1661 praesentis
1394 1608 1619 1659 infinitivis,
1651 1621 1750 1660 quos
1780 1609 1841 1660 (ut
1872 1605 1995 1660 εἶναι)
2027 1607 2167 1661 Meyer
2197 1608 2240 1648 in
2269 1622 2335 1649 30-

420 1684 538 1725 ristos
569 1683 703 1736 refert,
737 1683 804 1724 sed
835 1682 956 1723 etiam
988 1682 1030 1722 in
1060 1681 1221 1732 ceteris3
1255 1687 1300 1721 ut
1330 1682 1435 1736 apud
1469 1681 1692 1722 Homerum
1723 1681 1962 1735 κεραϊζέμεν
1983 1681 2156 1722 occurrit
2179 1685 2211 1721 θ
2235 1683 2333 1736 516,

419 1774 469 1800 ex
514 1759 774 1813 scriptoribus
820 1758 969 1798 Atticis
1015 1762 1203 1798 sexcenta
1234 1757 1419 1811 exempla
1452 1757 1620 1811 proferri
1652 1762 1829 1811 possunt.
1893 1756 2002 1797 Illud
2034 1757 2156 1797 etiam
2187 1757 2335 1814 adden—

418 1834 516 1874 dum
546 1833 722 1886 videtur,
763 1846 889 1886 quum
925 1832 1063 1873 aoristi
1095 1832 1338 1872 indicativus
1370 1831 1620 1886 praeteritum
1653 1830 1810 1886 tempus
1841 1844 1998 1883 semper
2028 1831 2175 1872 indicet
2206 1844 2335 1885 neque

418 1908 501 1949 ulla
523 1915 706 1949 occurrat
728 1907 936 1948 indicativi
958 1907 1084 1948 forma
1105 1907 1273 1948 actionis
1295 1907 1570 1961 ingredientis,
1593 1921 1683 1962 quae
1706 1906 1892 1962 praesenti
1909 1906 2077 1947 actionis
2093 1906 2336 1961 imperfectae

417 1991 456 2024 et
502 1984 687 2038 perfectae
728 1985 785 2036 (=
817 1983 1004 2037 praesenti
1036 1989 1075 2024 et
1105 1983 1293 2037 perfecto)
1326 1984 1576 2037 respondeat,
1609 1982 1857 2023 infinitivum
1887 1996 2043 2036 quoque
2075 1982 2213 2022 aoristi
2246 1986 2335 2035 post

418 2058 504 2098 haeo
535 2058 658 2098 verba
688 2071 845 2110 semper
866 2057 964 2107 sere
997 2058 1182 2112 usurpari
1215 2057 1262 2098 de
1293 2058 1354 2110 iis,
1388 2071 1478 2111 quae
1510 2057 1657 2097 actioni
1690 2057 1801 2097 verbi
1832 2056 1942 2097 illius
1972 2055 2130 2096 dicendi
2156 2061 2225 2096 aut
2248 2070 2336 2097 sen·

418 2133 556 2184 tiendi,
603 2147 628 2173 a
672 2147 751 2186 quo
783 2133 940 2186 pendet,
981 2132 1232 2184 antecedant,
1266 2147 1393 2186 neque
1428 2146 1499 2186 pro
1530 2133 1717 2186 praesenti
1749 2130 1916 2172 actionis
1948 2130 2207 2184 ingredientis
2241 2131 2336 2185 poni

520 2300 531 2319 ¹
563 2301 789 2336 Grieeleisehe
826 2302 980 2342 Aoi-iste,
1024 2304 1098 2336 Ein
1126 2304 1274 2346 Beilmgy
1301 2315 1369 2337 zur
1397 2304 1598 2338 Gescleichte
1625 2304 1684 2336 des
1715 2303 1881 2344 Tempus·
1909 2302 1983 2335 und
2010 2301 2337 2342 Modusyebraucks

420 2362 464 2393 im
507 2361 770 2400 Griechischen,
810 2361 927 2393 Berlin
969 2360 1072 2401 1879,
1110 2374 1143 2405 p.
1172 2360 1219 2394 80
1245 2357 1265 2394 ὖ
1291 2360 1360 2406 μὲν
1386 2356 1517 2405 εὔχετο
1544 2358 1657 2395 πάντ’
1684 2355 1896 2394 ἀποδοῦναι
1926 2359 1998 2399 ‚der
2024 2359 2098 2392 eine
2125 2358 2336 2391 versieherte

418 2420 503 2452 alles
543 2419 684 2452 bezahlt
724 2431 767 2452 zu
799 2419 931 2460 haben;
971 2432 1008 2451 er
1036 2420 1237 2452 betheuerte
1264 2420 1318 2452 die
1345 2420 1515 2462 Zahluug'
1542 2419 1625 2452 Ilias
1657 2418 1710 2461 18,
1738 2417 1820 2464 499,
1847 2419 1971 2451 welche
1999 2418 2100 2451 Stelle
2126 2417 2220 2450 nicht
2246 2420 2336 2449 etwa.

418 2479 473 2511 die
512 2479 719 2521 Bedeutung
753 2479 814 2510 der
842 2478 1123 2521 Vergangenheit
1150 2478 1319 2524 (,bezahlt
1346 2479 1484 2521 haben')
1511 2479 1568 2509 fur
1594 2478 1658 2510 den
1684 2476 1955 2509 Aoristinfinitiv
1982 2474 2159 2519 (cavam)
2186 2475 2335 2513 erweist,

417 2537 462 2569 da
503 2536 617 2570 solche
657 2536 867 2579 Bedeutung
908 2537 1074 2570 viehnehr
1114 2537 1226 2581 eiuzig
1247 2537 1368 2570 'durch
1395 2538 1449 2570 die
1477 2549 1544 2570 von
1571 2531 1705 2579 εὔχετο
1732 2548 1780 2572 ‚er
1806 2535 2022 2569 versicherte'
2050 2534 2115 2581 (im
2142 2534 2333 2577 Gegensatz

416 2597 504 2629 dazu
532 2595 619 2638 liegt
645 2595 725 2628 Ilias
753 2593 785 2635 2,
814 2594 883 2630 401
923 2590 1123 2640 εὐχόμενος
1147 2593 1321 2631 θάνατόν
1346 2608 1388 2631 τε
1413 2597 1546 2644 φυγεῖν
1584 2595 1729 2637 ‚flehend
1768 2594 1844 2627 dem
1871 2594 1964 2627 Tode
1996 2605 2040 2626 zu
2071 2592 2252 2636 entgehen'
2279 2592 2334 2625 bei

416 2656 477 2688 der
517 2655 646 2687 anders
685 2655 922 2697 gebrauchten
961 2655 1167 2698 Bedeutung
1200 2667 1267 2688 von
1292 2651 1481 2698 εὔχεσθαι
1510 2655 1570 2688 der
1597 2655 1713 2688 Inhalt
1739 2654 1798 2687 des
1824 2653 2114 2687 Aoristinfinitivs
2140 2652 2274 2698 φυγεῖν
2298 2651 2335 2684 111

417 2714 478 2747 (161·
504 2714 680 2757 Zukunft)
708 2713 744 2746 in
772 2714 999 2757 Verbindung
1026 2715 1087 2747 mit
1115 2715 1175 2747 der
1201 2716 1297 2748 niele!
1320 2716 1588 2758 prasentischen
1614 2714 1820 2755 Bedeutung
1839 2713 1898 2745 des
1917 2712 2142 2745 aoristischen
2160 2710 2336 2743 Infinitivs

417 2777 619 2817 entsprang.
650 2792 694 2797 —
722 2785 756 2817 p.
784 2771 830 2806 85
858 2765 957 2806 ἄλλά
983 2770 1054 2806 τιν’
1082 2767 1169 2817 ὔμμ’
1197 2768 1267 2808 ὀίω
1293 2771 1446 2818 δόμεναι
1474 2771 1569 2808 θεόν
1608 2773 1672 2816 ,ich
1711 2772 1836 2816 glaube
1864 2772 1944 2805 dass
1976 2771 2023 2804 sie
2055 2770 2140 2803 euch
2168 2770 2222 2803 ein
2249 2769 2334 2802 Gott

416 2833 568 2874 gegeben
606 2833 678 2865 hat'
716 2832 799 2864 Ilias
831 2830 884 2871 10,
915 2830 996 2869 551,
1038 2844 1089 2864 wo
1116 2833 1171 2865 die
1202 2833 1408 2874 Bedeutung
1439 2833 1498 2865 des
1526 2832 1757 2865 Prateritums
1786 2831 1966 2874 (gegeben
1993 2829 2082 2872 hat')
2109 2829 2180 2861 sich
2206 2828 2336 2861 wieder

415 2901 483 2922 nur
509 2889 619 2923 durch
645 2890 699 2924 die
726 2889 1079 2933 nicht-prasentisehe
1106 2888 1293 2936 (,dauer-nd
1321 2890 1456 2934 geben')
1484 2889 1691 2932 Bedeutung
1718 2888 1779 2921 der
1807 2887 2016 2921 Aoristform
2043 2885 2277 2920 herausstellt.
