2690 3597
772 261 849 306 Aor.
870 259 928 291 inf.
949 259 1242 292 Homericusvnum
1265 259 1411 289 futurum
1433 262 1563 299 tempus
1586 259 1762 299 significet.
2222 246 2244 282 5

339 355 436 408 οὐδ’1
469 354 653 410 ἄγγελον
692 354 957 410 ἀπονέεσθαι,
990 370 1017 396 σ
1047 358 1144 410 260;
1190 361 1277 411 post
1309 355 1460 397 ἔολπα
1495 361 1532 396 T
1559 358 1657 410 330;
1704 362 1792 412 post
1823 356 2158 409 ὖπισχνὲομαι
2188 361 2247 411 (et

339 432 562 486 κατανεύω)
595 434 629 472 Β
662 433 757 484 113,
790 434 825 470 E
859 432 953 471 716.
989 455 1042 460 —
1075 431 1133 471 At
1164 435 1251 485 post
1282 431 1414 482 verba,
1444 444 1535 484 quae
1558 445 1778 485 numquam
1812 432 1891 473 fere
1922 446 2014 473 cum
2036 433 2162 488 futuri
2185 434 2247 473 in-

339 505 496 546 finitivo
525 504 837 559 conjunguntur,
870 502 913 543 hi
945 503 1135 544 infinitivi
1167 503 1312 544 millies
1343 503 1423 544 fere
1454 509 1682 553 occurrunt,
1716 510 1760 544 ut
1790 505 1849 557 βῆ
1880 504 1991 552 ι’ὲναι,
2012 504 2246 559 ὀτρυνέοντα

340 579 520 627 νέεσθαι,
553 580 768 631 βούλομαι
799 576 878 631 ἤδη
909 578 1084 619 νεῖσθαι.

453 655 587 705 Quum
633 660 764 696 autern
807 653 1048 694 indicativus
1086 652 1372 693 enuntiationis
1404 646 1596 694 absolutae
1629 666 1709 694 non
1742 653 1870 693 solum
1899 668 2025 705 {senus
2058 641 2247 707 temporis

339 755 396 760 -—
428 729 501 771 hoc
547 729 654 770 enim
699 727 860 769 nomine
903 726 1017 779 illud,
1048 726 1153 781 quod
1185 725 1349 767 Curtius
1380 729 1443 767 die
1477 728 1634 768 Zoitm·t
1664 727 1853 783 appellat,
1886 728 2104 782 significari
2135 744 2247 784 posse

341 805 498 846 videtur
530 828 584 833 ——
609 788 715 857 quod
737 801 927 855 stirpibus
958 800 1021 840 vel
1053 799 1240 839 thematis
1271 800 1491 853 praesentis,
1525 802 1700 855 perfecti,
1732 802 1868 843 aoristi
1899 804 2154 857 exprimitur,
2188 805 2248 845 in-

340 880 456 931 dicet,
489 878 556 919 sed
586 878 707 918 etiam
738 877 911 926 spatium
943 874 1008 915 vel
1038 879 1275 913 ‘momentum
1308 877 1507 925 temporis,
1538 875 1577 915 id
1609 876 1714 929 quod
1746 876 1910 917 Curtius
1934 878 2010 917 'die
2035 878 2247 927 Zeitstufe'

341 958 467 1005 vocat,
514 951 587 992 hoc
626 955 841 1003 utrumque
871 947 1118 999 infinitivum
1150 946 1327 987 indicare
1359 961 1469 1001 posse
1502 954 1666 1002 oportet,
1699 963 1941 1004 quamquam
1973 951 2016 991 in
2047 951 2248 994 infinitivo

341 1029 586 1067 momentum
633 1024 828 1079 temporis*
861 1036 941 1062 non
973 1022 1021 1061 ad
1055 1027 1211 1076 tempus
1241 1021 1439 1076 loquentis
1472 1022 1538 1062 sed
1571 1022 1619 1062 ad
1652 1029 1808 1078 tempus
1840 1024 1951 1064 verbi
1983 1026 2157 1078 regentis
2189 1041 2247 1067 re-

341 1100 478 1143 fertur.
528 1100 721 1140 Attamen
752 1110 878 1152 quum
910 1109 1038 1150 neque
1069 1096 1110 1136 in
1143 1095 1290 1136 Latina
1322 1108 1449 1150 neque
1480 1096 1521 1136 in
1553 1095 1697 1137 Graeca
1728 1097 1869 1151 lingua
1900 1098 2064 1140 totidem
2096 1099 2250 1141 inveni-

339 1182 461 1217 antur
491 1175 695 1227 infinitivi,
728 1179 824 1228 quot
855 1178 1033 1227 tempora
1064 1177 1158 1211 sunt
1188 1161 1606 1227 indicativisapparet
1637 1181 1849 1228 utramque
1881 1187 1964 1214 rem
1986 1174 2027 1214 in
2050 1175 2251 1216 infinitivo

340 1265 420 1291 non
451 1256 534 1290 tam
567 1250 771 1305 perspicue
802 1261 924 1302 quam
956 1248 999 1286 in
1030 1247 1152 1286 verbo
1182 1246 1296 1286 finito
1328 1247 1544 1287 indicativo
1576 1247 1792 1301 significari
1824 1262 1935 1303 posse
1967 1249 2032 1288 sed
2059 1250 2249 1304 quosdam

340 1326 560 1366 infinitivos
606 1325 759 1364 duobus
799 1323 1031 1378 pluribusve
1062 1322 1289 1362 indicativis
1322 1323 1569 1376 respondere.
1632 1323 1719 1372 Qua
1751 1324 1792 1363 in
1827 1337 1868 1363 re
1899 1324 1978 1364 alia
2009 1329 2068 1364 est
2099 1325 2249 1377 lingua*

341 1401 512 1453 Latinae,
544 1400 624 1440 alia
656 1399 809 1440 Graecae
841 1399 952 1439 ratio.
1005 1397 1111 1438 Nam
1145 1398 1187 1437 in
1218 1397 1365 1438 Latina
1395 1399 1556 1451 quidem
1578 1398 1730 1451 lingua,
1755 1400 1823 1438 ubi
1846 1399 2019 1439 themata
2043 1400 2248 1452 praesentis

342 1480 380 1515 et
411 1474 572 1529 perfecti
604 1474 644 1514 in
678 1474 759 1513 illis
790 1472 1133 1513 enuntiationibus
1164 1472 1439 1526 pendentibus,
1471 1486 1561 1526 quae
1592 1472 1790 1513 infinitivo
1823 1478 2004 1525 utuntur,
2037 1474 2140 1514 nihil
2170 1473 2250 1514 fere

341 1549 449 1590 aliud
496 1553 688 1604 spectant,
739 1547 816 1588 nisi
861 1552 905 1587 ut
951 1547 1055 1606 inter
1099 1560 1156 1599 ea,
1193 1560 1282 1601 quae
1316 1546 1366 1586 ad
1397 1552 1553 1601 tempus
1583 1547 1870 1588 enuntiationis
1902 1548 2087 1601 regentis,
2120 1553 2159 1588 et
2191 1561 2248 1591 ea,

341 1638 431 1678 quae
477 1624 525 1664 ad
568 1628 724 1677 tempus
753 1621 987 1662 antecedens
1020 1621 1234 1676 pertinent,
1266 1621 1529 1673 distinguant,
1563 1622 1709 1673 omnia,
1742 1636 1832 1675 quae
1864 1622 1906 1662 in
1938 1628 2043 1663 recta
2074 1622 2251 1663 oratione

342 1698 558 1738 indicativo
598 1696 785 1750 temporis
816 1696 1008 1749 praeteriti
1041 1695 1300 1749 (imperfecto,
1333 1695 1504 1749 perfecto
1534 1701 1714 1749 utroque,
1747 1696 2152 1750 plusquamperfecto)
2184 1710 2252 1736 ex-

343 1766 587 1827 primuntur,
621 1772 662 1811 in
695 1771 856 1824 obliqua
888 1770 1066 1827 oratione
1097 1770 1260 1823 perfecti
1292 1770 1492 1810 infinitivo
1523 1770 1813 1822 significantur.
1876 1770 2025 1810 Contra
2048 1772 2090 1810 in
2112 1771 2251 1824 lingua

344 1845 499 1898 Graeca,
547 1845 615 1885 ubi
663 1845 841 1885 themata
888 1844 1107 1898 praesent-is,
1157 1844 1333 1898 perfecti,
1366 1844 1503 1884 aoristi
1534 1854 1641 1884 certa
1673 1845 1856 1898 quaedam
1889 1846 2077 1899 temporis
2108 1860 2252 1898 genera

344 1921 535 1972 indicant,
574 1934 794 1974 numquam
836 1919 916 1961 fere
947 1919 1038 1961 licet
1068 1934 1119 1959 ex
1151 1934 1230 1960 uno
1261 1919 1435 1960 themate
1466 1919 1509 1959 in
1541 1919 1712 1960 alterum
1745 1920 1927 1971 transire,
1960 1921 2026 1961 sed
2057 1922 2257 1968 infinitivi

343 1997 564 2052 praesentis,
613 1996 788 2049 perfecti,
827 1995 964 2035 aoristi
996 1995 1224 2035 indicativis
1254 1996 1422 2036 actionis
1453 1995 1695 2048 imperfectae
1726 1996 1812 2045 (aut
1838 1999 2135 2049 perdurantis),
2167 2012 2254 2051 per-

345 2071 470 2123 fectae,
503 2069 764 2123 ingredientis
796 2068 1060 2123 respondeant
1090 2082 1247 2109 necesse
1279 2073 1349 2109 est.
1398 2068 1516 2110 Unde
1547 2069 1695 2109 factum
1727 2075 1797 2121 est,
1832 2077 1886 2115 ut,
1909 2085 2035 2125 quum
2058 2086 2137 2112 non
2159 2072 2254 2112 satis

346 2146 623 2201 respiceretur,
655 2157 840 2198 quaenam
873 2143 978 2183 inter
1010 2142 1258 2184 infinitivum
1290 2149 1330 2184 et
1362 2143 1542 2196 verbum,
1576 2143 1626 2184 ad
1656 2144 1760 2198 quod
1783 2144 2010 2198 referretur,
2034 2154 2134 2188 esset
2156 2154 2254 2188 tem-

346 2220 453 2274 poris
484 2219 598 2270 ratio,
631 2218 839 2272 praesentis
870 2217 1096 2257 infinitivus
1128 2223 1167 2257 et
1191 2220 1408 2268 prce-sentis
1441 2224 1479 2258 et
1501 2220 1727 2269 imperfecti
1749 2219 1965 2259 indicativo
1987 2221 2252 2274 responderet,

344 2294 519 2347 itemque
566 2292 727 2347 perfecti
773 2291 999 2331 infinitivus
1046 2298 1084 2331 et
1131 2305 1202 2345 pro
1246 2293 1422 2342 perfecti
1457 2298 1495 2333 et
1527 2306 1598 2346 pro
1622 2294 2009 2344 plzfflquampeofecta·
2039 2294 2256 2335 indicativo

344 2374 617 2422 usurparetur.
680 2367 739 2406 Ut
775 2354 881 2420 apud
917 2367 1139 2406 Homerum
1172 2368 1205 2405 θ
1240 2369 1321 2405 516
1355 2366 1486 2406 ἄλλον
1518 2368 1552 2406 δ’
1586 2367 1693 2422 ἄλλῃ
1726 2367 1835 2407 ἄειδε
1867 2369 1985 2407 πόλιν
2016 2373 2255 2419 κεραὶζέμεν

345 2441 469 2494 αἰπήν
500 2446 510 2492 J
541 2439 666 2495 ιιύιιὶρ
706 2437 900 2493 Ὀδυσσῆα
929 2466 986 2471 -
1017 2441 1203 2494 βήμεναι
1250 2442 1299 2495 (οε
1335 2440 1537 2496 ἐκεράιζεν
1571 2468 1624 2473 —
1658 2443 1763 2496 ἔβη);
1800 2449 1838 2484 et
1868 2441 2194 2497 praetereaeffum
2228 2444 2252 2484 l.

346 2516 525 2569 ἔιι,ιιενιιι
556 2517 613 2568 (=
643 2516 703 2555 ὅτι
735 2512 801 2569 ἢν)
833 2516 1004 2557 occurrit
1037 2520 1068 2555 E
1100 2518 1181 2557 639
1215 2515 1305 2557 ἀλλ’
1339 2515 1426 2557 οἷόν
1458 2520 1547 2557 τινά
1578 2532 1679 2568 φασι
1717 2520 1813 2570 βίην
1830 2517 2094 2572 Ἡρακληείην
2116 2524 2126 2568 γ’
2149 2517 2252 2559 εἶναι

346 2596 384 2632 et
418 2591 449 2631 θ
485 2593 561 2631 181
598 2586 689 2630 ἀλλ’
722 2589 763 2629 ἐν
795 2590 1018 2642 πρώτοισιν
1048 2588 1122 2630 ὀίω
1153 2595 1164 2641 s
1195 2590 1376 2642 ε”μμεναι
1408 2590 1498 2645 ὄφρ’
1531 2592 1616 2647 ἥβῃ
1636 2607 1676 2632 τε
1700 2593 1914 2633 πεποίθεα
1928 2599 2049 2648 χερσί
2066 2592 2092 2632 1²
2116 2592 2253 2647 ἐμῇσι.

347 2666 518 2706 Perfecti
550 2665 789 2717 infinitivus,
823 2679 1067 2719 quamquam
1100 2666 1140 2705 in
1174 2667 1380 2720 praesentis
1412 2667 1715 2720 significatione,
1748 2667 2135 2723 plusquamperfecto
2166 2669 2258 2717 (im-

348 2740 534 2795 perfecto)
583 2739 825 2794 respondens
871 2741 1042 2780 occurrit
1089 2742 1141 2781 52.
1178 2743 1259 2781 546
1308 2745 1386 2781 τῶν
1423 2755 1464 2780 σε
1502 2743 1622 2794 γέρον
1655 2743 1816 2796 πλοίῑῳ
1848 2758 1886 2782 τε
1919 2747 1985 2782 καὶ
2018 2743 2126 2782 vta'm
2160 2748 2258 2793 ᾳασὶ

348 2816 564 2855 κεκάσθαι.

467 2889 527 2930 De
575 2890 709 2930 futuro
755 2898 931 2945 tempore
977 2891 1151 2930 breviter
1190 2891 1580 2931 commemorandum
1612 2896 1681 2937 est,
1716 2897 1760 2931 ut
1790 2891 2031 2931 indicativus
2062 2891 2189 2932 futuri
2221 2900 2260 2932 et

352 2964 629 3018 imperfectum
660 2971 698 3005 et
729 2966 960 3019 ingrediens
991 2966 1179 3021 temporis
1207 2980 1333 3020 genus
1355 2966 1579 3020 significare
1601 2966 1735 3020 possit,
1758 2967 1811 3006 ita
1836 2966 2083 3007 infinitivum
2105 2973 2262 3007 utrum-

464 3041 575 3070 Lumis
603 3040 700 3070 univ.
720 3032 897 3072 Arsskrift.
938 3042 1028 3072 Tom.
1050 3042 1152 3071 xvn.
2124 3045 2141 3072 2
