2690 3597
1273 262 1305 296 S.
1325 262 1356 295 J·
1378 257 1563 329 Gav‘ovllinf‘
1568 270 1575 282 ¹·
1788 280 1790 282 ·
1821 263 1823 265 ’

418 602 563 645 .pr0pe
591 543 796 630 accedant.
859 588 1065 640 Sperandi
1093 600 1253 641 quoque
1286 579 1496 627 vocabula
1511 586 1631 640 longe
1660 565 1880 642 saepisaime
1908 576 2091 628 futurum
2120 556 2279 646 tenipus
2298 597 2361 630 re-

396 663 400 667 ‘
439 663 629 719 spiciunt,
675 676 925 718 quamquam
970 675 1050 704 non
1097 662 1155 703 ita
1202 674 1293 703 raro
1330 660 1389 714 fit,
1421 660 1486 703 vel
1516 666 1563 703 ut
1591 661 1745 716 abJecta
1773 660 1961 717 sperandi
1990 647 2280 714 significatione
2307 650 2389 721 ad'ss
2453 711 2456 712 ⁷

440 738 774 793 significationem
808 736 1068 778 existimandi
1100 740 1321 789 transeant,
1354 735 1419 776 vel
1451 740 1497 776 ut
1527 740 1683 776 retenta
1712 735 1796 792 spei
1826 725 2118 795 significatione
2145 749 2238 783 cum
2268 734 2361 781 infi-
2442 736 2446 778 J

439 812 583 883 nitivis
627 817 699 853 aut
741 811 951 867 praesentis
996 815 1068 851 aut
1112 810 1308 866 praeteriti
1347 809 1537 865 temporis
1572 809 1892 874 conjungantur,
1904 822 2040 865 quum
2070 809 2120 851 de
2147 808 2198 850 iis
2227 793 2358 871 re'bus,
2383 798 2386 799 ⁷

437 875 532 943 qua}
577 893 649 929 aut
693 899 803 928 nunc
848 886 953 927 fiunt
997 891 1070 927 aut
1109 886 1196 939 jam
1227 886 1342 927 factae
1373 890 1481 938 sunt,
1513 885 1561 938 si,
1592 880 1789 939 quomodo
1817 898 1859 926 se
1887 884 2064 926 habeant
2092 889 2164 925 aut
2191 897 2361 938 quorsus

427 962 655 1017 evaserint,
703 962 917 1016 nescimus,
965 975 1078 1018 spem
1117 960 1266 1002 habere
1297 960 1508 1017 possimus.
1571 945 1756 1009 jurandi
1785 960 1907 1008 verba
1937 964 1977 1001 et
2006 959 2225 1001 locutiones
2253 959 2360 1016 quod
2405 1015 2411 1018 ῃ

437 1038 491 1080 ad
526 1038 614 1080 haec
653 1036 841 1093 sperandi
872 1043 911 1078 et
942 1037 1202 1092 promittendi
1233 1037 1357 1077 verba
1388 1036 1613 1089 retulimus,
1634 1029 1793 1077 'mirum
1825 1036 1991 1078 forsitan
2022 1036 2197 1091 cuipiam
2229 1030 2361 1085 videa-

443 1119 524 1167 tur,
557 1126 683 1168 quum
717 1112 819 1153 satis
845 1116 1012 1165 constet,
1044 1116 1091 1152 ut
1122 1125 1206 1165 nos,
1239 1112 1296 1152 ita
1327 1109 1493 1152 Graecos
1522 1110 1616 1151 inde
1635 1124 1660 1151 a
1681 1102 1927 1166 temporibus
1945 1109 2115 1152 Homeri
2137 1109 2361 1166 praeteritas

441 1201 524 1229 non
555 1187 691 1228 minus
722 1201 844 1243 quam
875 1186 1035 1228 futuras
1066 1200 1128 1227 res
1154 1185 1416 1241 jurejurando
1446 1185 1684 1227 confirmare
1714 1185 1850 1227 solitos
1879 1198 1974 1227 esse.
2038 1185 2096 1226 At
2125 1190 2259 1227 tamen
2291 1198 2360 1226 116-

440 1263 531 1317 gari
577 1276 657 1305 non
705 1267 834 1318 potest
870 1269 1024 1303 certum
1055 1252 1257 1317 quoddam
1287 1262 1505 1303 discrimen
1536 1275 1620 1303 esse
1651 1262 1758 1303 inter
1788 1261 2100 1320 significationes
2129 1260 2221 1301 illas
2241 1261 2359 1321 jure-

430 1326 617 1388 jurando
651 1339 893 1389 confirmare
924 1339 1081 1391 aliquid
1099 1339 1265 1388 jactum
1297 1352 1382 1379 6336
1413 1342 1482 1378 aut
1512 1338 1646 1390 aliquo
1668 1339 1782 1378 modo
1802 1351 1844 1378 36
1865 1321 2012 1377 habere
2032 1341 2072 1377 et
2087 1337 2359 1386 jurejurando

439 1426 483 1453 36
514 1413 762 1464 obstringere
793 1409 950 1465 aliquid
979 1427 1021 1453 se
1043 1412 1258 1463 facturum
1290 1427 1387 1464 6336,
1417 1418 1539 1467 atque
1554 1412 1754 1471 ⁸plurimis
1783 1411 1881 1453 locis
1909 1425 1960 1452 ex
1991 1407 2053 1462 iis,
2084 1423 2175 1465 quae
2205 1393 2375 1451 antece-⁶

436 1488 539 1529 dant
575 1493 615 1528 et
651 1488 962 1542 subsequantur,
1001 1489 1097 1529 satis
1128 1502 1334 1543 apparere,
1366 1493 1505 1529 utrum
1535 1488 1586 1528 ad
1617 1487 1866 1542 praeteritum
1897 1501 1950 1527 an
1980 1487 2029 1527 ad
2060 1486 2243 1527 futurum
2273 1500 2361 1541 per-

440 1551 587 1603 tineat*
605 1567 764 1617 tempus
799 1562 853 1615 id,
885 1562 990 1616 quod
1018 1562 1281 1617 jurejurando
1311 1562 1572 1604 confirma-tur
1592 1564 1621 1603 ².
1684 1561 1887 1604 Praeterea
1916 1575 2043 1616 quum
2072 1561 2121 1602 de
2151 1561 2270 1602 rebus
2300 1555 2361 1618 fuss

0 1617 14 1705 Ξ
439 1636 545 1677 turis
594 1640 842 1692 usurpentur
883 1637 1050 1691 jurandi
1096 1638 1232 1690 verba,
1279 1637 1327 1678 ad
1366 1637 1627 1692 promittendi
1657 1637 1781 1686 verba
1811 1641 1909 1677 tam·
1925 1649 2048 1691 prope
2077 1625 2284 1688 accedunt,
2316 1640 2362 1676 ut

0 1734 9 1765 ρ
102 1755 105 1756 ⁷
333 1769 337 1773 .
439 1724 523 1750 una
555 1724 648 1750 cum
682 1711 732 1750 iis
764 1712 1114 1751 commemoranda
1144 1726 1228 1751 esse
1260 1712 1483 1751 videantur.
1535 1710 1722 1751 Ceterum
1752 1711 1854 1757 illud
1884 1710 2177 1750 observandum
2207 1717 2266 1751 est
2296 1725 2362 1752 eos

0 1766 51 1849 ξ
274 1801 300 1829 z
439 1785 545 1828 locos
590 1784 844 1839 Ηο111611006,
892 1785 1040 1841 q'uibus
1085 1786 1224 1828 aoristi
1270 1785 1497 1829 infinitivus
1542 1785 1591 1828 (16
1632 1785 1768 1827 futuro
1798 1769 1974 1841 tempore
2004 1789 2093 1841 post
2123 1783 2210 1827 haec
2241 1785 2361 1828 verba

0 1886 14 1913 ι
95 1852 113 1866 ”
436 1866 640 1921 occurrat2
686 1866 732 1901 ut
777 1861 984 1917 pauciores
1030 1862 1112 1902 sint
1149 1875 1272 1917 quam
1303 1861 1345 1914 ii,
1379 1861 1447 1901 ubi
1478 1865 1567 1916 post
1596 1866 1720 1915 φημί,
1751 1861 1898 1912 οἴομαι
1929 1859 2077 1901 similia
2108 1860 2182 1902 hoc
2211 1860 2361 1902 factum

437 1936 506 1989 sit,
552 1937 610 1977 ita
646 1937 697 1977 ad
733 1937 854 1978 fidem
885 1950 969 1978 esse
1000 1937 1200 1977 certiores.
1264 1936 1313 1976 In
1345 1936 1407 1988 iis,
1440 1949 1531 1989 quae
1562 1940 1800 1990 sequuntur,
1831 1948 1969 1975 omnes
2000 1935 2180 1976 omnium
2212 1940 2363 1991 tempo-

441 2025 533 2053 rum
580 2011 816 2066 infinitivos,
864 2012 935 2067 qui
982 2017 1071 2068 post
1115 2012 1251 2053 omnia
1287 2011 1374 2053 haec
1409 2010 1628 2066 Homerica
1662 2010 1783 2053 verba
1801 2015 1853 2062 „et
1883 2010 2100 2053 locutiones
2131 2015 2360 2064 occurrunt,

438 2085 621 2127 allaturi
634 2100 785 2127 sumus.
2071 2076 2079 2080 ⁸
2403 2073 2405 2075 Ι

538 2162 601 2207 1.
663 2160 871 2203 vocabula
912 2164 1109 2214 sperandi
1144 2162 1252 2217 apud
1282 2161 1507 2203 Homerum
1540 2166 1635 2203 sunt
1665 2161 1833 2202 verbum
1865 2160 2022 2201 ἔολπα
2053 2160 2258 2213 (ἐωλπειν,
2291 2160 2361 2201 ἔλ-

391 2229 403 2240 “
440 2249 589 2287 πομαι,
622 2235 892 2289 επιέλπομαι)
922 2240 962 2275 et
993 2236 1293 2276 substantivum
1324 2235 1545 2286 ἐλπωρής
1836 2237 1841 2241 ’

558 2312 606 2363 a)
636 2310 735 2351 Post
765 2310 913 2351 formas
944 2310 1090 2363 ἔολπα,
1125 2310 1304 2350 εἀἰλπειν
1334 2325 1491 2366 semper
1522 2310 1647 2351 futuri
1679 2309 1904 2350 infinitivus
1935 2310 2108 2351 occurrit
2135 2315 2207 2350 aut
2227 2310 2363 2350 infini-

442 2384 576 2437 tivuss
596 2383 668 2438 qui
699 2383 828 2425 futuri
860 2382 1154 2438 significatione
1185 2384 1326 2438 utitur,
1360 2367 1545 2435 νέεσθαι,
1575 2368 1751 2436 κειέμεῷ,
1783 2384 1867 2425 sive
1895 2369 2147 2425 accusativus
2176 2395 2268 2425 cum
2300 2383 2361 2425 in-

544 2518 556 2538 ¹
585 2518 765 2562 Madvigio
804 2519 966 2552 assentiri
991 2531 1061 2553 non
1086 2531 1269 2563 possumus
1295 2519 1422 2553 dicenti
1448 2519 1728 2563 (Bemerkungen
1753 2530 1787 2562 p.
1815 2516 1889 2563 37):
1924 2513 2003 2559 ΚΪὶ611
2029 2518 2245 2562 gegenstand
2269 2518 2362 2551 eines

404 2619 406 2621 Ι
441 2577 693 2623 versprechens
724 2577 808 2610 oder
840 2578 935 2611 einer
960 2578 1212 2611 iibereinkunft
1239 2578 1335 2611 nicht
1360 2578 1539 2611 bestimmt
1564 2587 1626 2609 aus
1652 2576 1714 2609 der
1740 2581 1939 2620 gegenwart
1965 2577 2002 2610 in
2027 2576 2083 2609 die
2108 2576 2259 2609 zukunft
2285 2576 2362 2608 1161·-

441 2640 625 2671 austreten
651 2648 695 2669 zu
714 2636 826 2669 lassen
843 2636 890 2669 ist
908 2640 1015 2669 etwas
1032 2648 1121 2679 ganz
1141 2637 1286 2670 anderes
1304 2638 1354 2670 als
1372 2638 1446 2670 61116
1465 2637 1552 2669 form
1571 2648 1615 2669 zu
1629 2636 1857 2678 gebrauchen,
1876 2636 1931 2669 die
1948 2636 2024 2669 (16111
2043 2635 2362 2679 sprachgebrauche

440 2695 581 2739 zufolge
608 2693 664 2727 die
691 2697 1020 2739 entgegengesetzte
1047 2694 1115 2727 zeit
1140 2695 1348 2729 bezeichnet.

412 2744 419 2752 ⁹
545 2755 559 2775 ²
586 2755 719 2788 Mirum
758 2767 842 2787 sane
878 2758 931 2788 est
969 2755 1009 2788 L.
1045 2753 1225 2799 Meyerum
1256 2754 1410 2799 (Griech.
1437 2756 1522 2789 Aor.
1548 2767 1582 2798 p.
1610 2751 1674 2798 80)
1701 2752 1824 2786 aoristi
1850 2752 2060 2786 infinitivum
2086 2752 2103 2785 I
2132 2748 2201 2786 133
2227 2747 2295 2785 ἐπὶ
2322 2749 2364 2786 δὲ

440 2811 561 2858 μέγαν
586 2808 697 2859 ὅρκον
721 2808 888 2857 ὀμοῦμαι
914 2812 927 2856 l
949 2811 1002 2859 μή
1021 2823 1121 2847 ποτε
1146 2815 1214 2860 τῆς
1240 2809 1345 2859 εὐνῆς
1368 2809 1601 2860 ἐπιβήμεναι
1629 2808 1694 2859 ἠδὲ
1717 2813 1888 2858 μιγῆναι,
1916 2813 1967 2856 (==
1994 2811 2009 2843 I
2036 2809 2118 2852 274,
2151 2811 2185 2842 T
2211 2808 2295 2853 176)
2321 2810 2363 2842 de

441 2873 562 2906 futuro
593 2870 824 2916 interpretari
855 2871 921 2905 ’1011
947 2871 1062 2905 werde
1089 2872 1264 2905 16611πό1611
1291 2872 1346 2905 1116
1372 2872 1433 2905 das
1459 2871 1572 2915 Lagei·
1599 2883 1643 2914 zu
1669 2870 1867 2914 besteigen'.
1919 2868 2020 2903 Certe
2046 2869 2076 2903 si
2100 2868 2164 2902 hoc
2185 2869 2363 2912 jusjuran-

0 2948 30 2967 e.
64 2926 113 2978 *s-
211 2976 214 2978 ‚
443 2930 526 2963 dum
565 2930 607 2963 ad
647 2930 816 2963 Achillem
854 2930 1062 2963 movendum
1094 2933 1128 2963 et
1155 2930 1364 2975 placandum
1390 2924 1524 2972 aliquid
1550 2929 1739 2961 valiturum
1765 2932 1864 2968 esset,
1892 2927 2049 2971 oportuit
2073 2927 2364 2976 Agamemnonem

14 2987 17 2988 ⁷
273 2981 277 2985 ⁴
442 2987 487 3021 ad
512 2992 650 3033 tempus
676 2988 896 3032 praeteritum
917 2988 1166 3031 jusjurandum
1191 2988 1331 3023 referre.
