2690 3597
773 260 852 289 Aor.
873 258 931 288 inf.
953 258 1146 289 Homericus
1169 267 1245 287 num
1268 258 1415 287 futurum
1440 260 1568 296 tempus
1594 256 1771 295 significet.
2214 244 2260 282 ll

1274 357 1345 408 ΙΙ.

468 473 543 513 Sed
583 473 667 526 jam
712 473 763 512 ad
806 486 894 512 eam
930 472 1058 526 ipsam
1088 472 1347 525 quaestionem
1380 472 1754 524 transgrediendum
1785 478 1857 523 est,
1892 485 2013 525 quam
2046 473 2158 513 nobis
2190 474 2279 514 hoc<

353 552 529 601 tempore
560 547 810 588 tractandam
842 547 1099 601 suscepimus,
1132 547 1306 600 possitne
1337 547 1475 587 aoristi
1506 546 1733 586 infinitivus
1756 545 1806 586 ad
1828 546 1984 586 dicendi
2005 553 2044 588 et
2065 549 2262 588 sentiendi

355 621 477 663 verba
523 621 672 663 relatus
716 622 868 677 abjecta
915 621 1108 678 praeteriti
1154 620 1344 677 temporis
1380 620 1682 675 significatione,
1716 635 1806 676 quae
1839 627 1926 677 post
1957 621 2041 662 haec
2074 623 2195 664 verba
2226 623 2261 664 ei

353 699 514 753 propria
559 703 630 750 est,
662 698 705 738 in
736 697 1068 751 significationem
1100 710 1260 750 prorsus
1290 696 1530 736 contrariam
1563 696 1702 736 abiens
1733 696 1915 736 futurum
1951 702 2106 751 tempus
2138 698 2262 750 signi-

354 773 482 813 ficare.
545 773 724 822 Quorum
769 773 1061 812 infinitivorum
1107 786 1297 812 numerus
1344 785 1589 825 quamquam
1631 772 1825 825 proximis
1858 772 2104 825 temporibus
2136 774 2262 814 multo

353 848 484 888 minor
530 847 656 887 factus
692 851 763 899 est,
795 860 921 901 quum
955 845 1017 886 vel
1048 845 1281 899 diligentius
1313 844 1501 899 inspectis
1531 844 1645 885 libris
1677 846 1960 901 manuscriptis
1992 845 2174 887 futurum
2207 847 2261 888 le-

353 923 526 976 gendum
573 936 655 962 esse
693 922 897 974 cognitum
930 921 992 973 sit,
1026 920 1088 961 vel
1120 925 1259 960 contra
1289 920 1567 960 auctoritatem
1600 919 1793 959 librorum
1826 921 1962 961 aoristi
1997 921 2037 961 in
2070 922 2206 962 futura
2236 937 2261 963 a

355 998 450 1037 viris
482 997 523 1037 in
554 997 617 1037 his
649 997 765 1037 rebus
795 996 1039 1048 clarissimis,
1072 995 1291 1048 Madvigio,
1325 993 1483 1044 Cobeto,
1519 994 1607 1034 aliis
1640 995 1783 1034 mutati
1806 995 1899 1047 sint,
1924 996 1986 1035 vel
2009 997 2259 1038 intellectum

354 1071 405 1112 sit
449 1071 614 1112 aoristos
658 1070 849 1126 quosdam
895 1070 943 1111 de
989 1069 1123 1110 futuro
1169 1074 1344 1124 tempore
1374 1068 1592 1123 explicatos
1624 1082 1666 1109 re
1698 1083 1791 1109 vera
1823 1070 2071 1124 praeteritum
2104 1077 2261 1128 tempus

353 1146 541 1198 indicare,
574 1151 707 1186 tamen
739 1152 784 1185 ut
813 1146 919 1199 apud
950 1152 1099 1185 ceteros
1130 1144 1340 1198 scriptores
1372 1143 1534 1184 Graecos
1566 1144 1621 1183 ita
1654 1144 1757 1197 apud
1793 1144 2015 1184 Homerum
2037 1147 2262 1201 complures

353 1221 585 1262 etiamnunc
620 1226 784 1274 restant,
818 1219 1005 1261 nonnulli
1035 1219 1144 1260 haud
1174 1220 1254 1260 scio
1282 1233 1335 1260 an
1367 1233 1519 1274 semper
1552 1220 1731 1260 mansuri
1763 1220 1855 1260 sint.
1920 1220 2000 1261 Hic
2030 1223 2167 1263 aoristi
2199 1224 2260 1263 in-

352 1296 499 1336 finitivi
531 1310 626 1336 usus
656 1309 778 1350 quam
809 1295 887 1336 late
919 1299 1052 1349 pateat
1081 1295 1187 1349 apud
1209 1294 1445 1346 Homerum,
1469 1294 1511 1334 in
1533 1294 1608 1335 hac
1628 1294 1753 1335 altera
1776 1294 1894 1348 hujus
1915 1298 2262 1339 commentationis

354 1376 465 1425 parte
502 1370 719 1423 dijudicare
755 1370 1002 1421 conabimur,
1035 1369 1077 1408 in
1108 1382 1189 1422 qua
1221 1368 1396 1423 primum
1426 1368 1474 1408 de
1505 1368 1642 1408 aoristi
1673 1368 1885 1410 infinitivis
1916 1375 2004 1424 post
2035 1371 2190 1412 dicendi
2224 1384 2263 1413 et

353 1446 548 1486 sentiendi
580 1446 712 1497 verba,
744 1459 834 1499 quae
865 1445 950 1499 ipsa
981 1445 1170 1499 temporis
1201 1444 1327 1485 futuri
1357 1457 1437 1484 non
1469 1444 1618 1484 habent
1648 1444 1979 1497 significationem
2011 1447 2147 1498 (φημί,
2170 1448 2262 1486 οἷο-

352 1536 445 1573 uae,
478 1520 654 1573 similia),
688 1521 930 1561 mentionem
968 1519 1169 1571 faciemus,
1203 1524 1289 1560 tum
1321 1519 1369 1560 de
1399 1519 1493 1571 illis,
1527 1519 1597 1572 qui
1630 1525 1717 1573 post
1749 1520 1869 1560 verba
1901 1524 2096 1573 sperandi
2127 1529 2165 1562 et
2196 1536 2263 1563 esc-

352 1597 576 1649 spectandi,
608 1597 866 1647 promittendi
896 1600 936 1636 et
967 1596 1163 1645 minandi,
1186 1596 1363 1644 jurandi
1393 1600 1621 1635 occurrunt.

1279 1744 1336 1790 A.

466 1855 654 1909 Quisquis
685 1855 869 1909 syntaxis
900 1855 1051 1908 linguae
1083 1853 1236 1895 Graecae
1267 1868 1344 1895 non
1378 1854 1541 1895 omnino
1574 1854 1683 1895 rudis
1715 1854 1803 1906 erit,
1826 1854 1861 1895 ei
1885 1854 1991 1895 haud
2013 1855 2131 1896 dubie
2155 1870 2264 1910 pror-

352 1944 418 1971 sus
465 1930 696 1972 incredibile
735 1930 935 1971 videbitur
971 1930 1013 1970 in
1046 1929 1120 1971 hac
1152 1930 1293 1983 lingua
1323 1930 1461 1971 formis
1491 1930 1588 1971 adeo
1618 1930 1849 1971 abundante
1881 1929 1967 1970 fieri
1999 1931 2184 1985 potuisse,
2220 1937 2265 1972 ut

351 2005 488 2045 eadem
534 2005 660 2045 forma
706 2011 792 2059 post
837 2005 941 2047 idem
988 2005 1156 2046 verbum
1195 2005 1237 2045 in
1268 2004 1406 2045 eadem
1438 2004 1728 2058 significatione
1759 2005 1931 2059 positum
1965 2018 2026 2045 res
2058 2011 2141 2045 tam
2172 2019 2265 2046 con-

351 2080 508 2133 trarias,
540 2095 662 2135 quam
693 2086 787 2121 sunt
819 2086 975 2136 tempus
1007 2081 1255 2135 praeteritum
1286 2086 1325 2121 et
1354 2081 1551 2133 futurum,
1584 2080 1790 2133 indicaret,
1813 2080 1870 2121 ita
1893 2087 1937 2121 ut
1959 2086 2065 2133 φημὶ
2082 2083 2263 2135 (οἴομαι)

352 2158 520 2207 ποιῆσαι
566 2160 605 2196 et
642 2157 729 2196 dieo
762 2159 898 2207 (puto)
930 2168 990 2196 me
1009 2155 1165 2204 fecisse
1197 2161 1236 2196 et
1266 2157 1355 2196 dieo
1388 2158 1526 2207 (puto)
1558 2168 1618 2195 me
1639 2155 1853 2205 facturum
1884 2168 1971 2197 esse
2004 2155 2262 2210 significaret,

352 2230 574 2283 praesertim
620 2245 745 2284 quum
789 2230 980 2271 infinitivi
1025 2230 1161 2271 aoristi
1205 2235 1245 2270 et
1274 2230 1401 2270 futuri
1433 2244 1514 2270 non
1548 2245 1636 2271 raro
1666 2231 1803 2271 eodem
1835 2230 1918 2271 loco
1950 2231 2005 2270 ita
2038 2231 2113 2271 sibi
2145 2245 2264 2285 oppo-

352 2309 514 2357 nantur,
547 2310 592 2345 ut
622 2304 690 2345 ille
722 2305 982 2359 praeteritum,
1015 2304 1080 2345 hic
1110 2304 1292 2345 futurum
1314 2305 1500 2359 respiciat
1522 2309 1689 2359 tempus.
1738 2304 1881 2359 Neque
1904 2306 2012 2345 enim
2035 2305 2099 2345 hic
2114 2305 2264 2360 duplex

350 2380 487 2420 aoristi
519 2379 709 2419 infinitivi
741 2393 836 2420 usus
866 2380 1088 2433 comparari
1120 2384 1248 2433 potest
1281 2384 1351 2419 aut
1382 2392 1473 2419 cum
1505 2379 1655 2433 duplici
1686 2393 1761 2419 usu
1791 2380 1929 2420 aoristi
1962 2379 2154 2420 infinitivi
2177 2385 2265 2434 post

350 2455 518 2495 verbum
564 2456 715 2495 ὸοκεῖνε
764 2455 898 2495 ἐδόκει
933 2458 1115 2508 ποιῆσαι,
1147 2455 1187 2495 id
1217 2455 1323 2508 quod
1354 2460 1394 2494 et
1415 2454 1571 2503 secisse
1602 2455 1812 2495 videbatur
1842 2460 1881 2495 et
1902 2455 2050 2503 facere
2077 2455 2264 2506 placebat

351 2528 576 2582 significare
623 2534 762 2584 potest,
810 2534 1019 2584 propterea
1064 2529 1168 2584 quod
1208 2529 1346 2569 δοκεῖν
1378 2543 1458 2569 uno
1490 2528 1574 2570 loco
1605 2528 1773 2570 verbum
1803 2528 2000 2570 sentiendi
2032 2533 2102 2579 est,
2135 2529 2261 2570 altero

351 2605 518 2645 verbum
550 2603 783 2656 voluntatis,
816 2609 887 2645 aut
917 2617 1009 2645 cum
1040 2605 1176 2646 aoristi
1207 2588 1375 2658 optativi
1397 2604 1548 2658 duplici
1572 2604 1862 2657 significatione
1883 2605 1925 2644 in
1949 2604 2262 2656 interrogatione

350 2677 529 2732 obliqua:
563 2674 637 2718 0132
669 2676 757 2732 ᾔδει
778 2684 819 2718 τί
846 2680 1065 2731 ποιήσειεν,
1097 2679 1308 2727 nesciebat,
1338 2680 1434 2730 quid
1454 2678 1625 2727 fecisset
1654 2684 1694 2719 et
1724 2679 1937 2725 nesciebat,
1969 2680 2066 2729 quid
2084 2678 2261 2726 faceret,

349 2767 475 2808 quum
523 2753 689 2795 verbum
721 2753 927 2808 utriusque
957 2753 1282 2808 interrogationis
1321 2757 1438 2795 rectae
1470 2759 1507 2793 τί
1535 2752 1705 2805 ἐποίησα
1735 2753 1778 2806 (l.
1813 2759 1915 2803 -ας);
1946 2758 1984 2794 et
2016 2759 2054 2792 η’
2082 2752 2262 2807 uoniam,

350 2827 448 2880 (aor.
483 2827 603 2882 conj.)
634 2828 677 2867 in
708 2828 930 2883 optativum
964 2829 1134 2869 transire
1166 2822 1299 2883 possit.
1363 2827 1473 2868 Nam
1503 2832 1608 2879 φημὶ
1640 2830 1808 2880 ποιῆσαι
1839 2848 1878 2860 =
1910 2829 1997 2868 dico
2030 2840 2090 2867 me
2108 2827 2265 2876 fecisse

349 2901 400 2943 ad
431 2901 638 2955 ἐποίησα
669 2903 861 2945 orationis
892 2909 1010 2945 rectae
1041 2904 1270 2959 respondet3
1302 2909 1441 2944 contra
1472 2907 1578 2955 φημὶ
1611 2906 1784 2955 ποιῆσαι
1807 2924 1844 2936 =
1867 2904 1954 2944 dieo
1978 2902 2264 2950 mefacturum

350 2988 433 3018 esse
466 2976 569 3017 nihil
601 2977 733 3030 habet,
766 2978 816 3019 ad
847 2979 953 3032 quod
984 2979 1027 3019 in
1058 2984 1167 3020 recta
1197 2979 1376 3020 oratione
1409 2977 1654 3032 respondeat,
1686 2992 1811 3031 quum
1842 2978 1892 3017 ad
1923 2977 2050 3017 futuri
2080 2976 2264 3017 indicati-
