2690 3597
1122 770 1453 812 summarium.

426 876 644 911 Prooemium
668 888 726 923 pp.
755 874 861 913 1—3.

426 1000 463 1038 Ι.
513 1003 569 1038 De
594 1006 785 1047 temporum
811 1004 983 1046 infinitivi
1007 1005 1044 1039 vi
1066 1007 1099 1039 el
1122 1016 1193 1040 usu
1211 1009 1294 1049 post
1318 1007 1459 1040 dicendi
1484 1009 1516 1039 et
1540 1007 1716 1040 sentiendi
1740 1007 1845 1040 verba
1872 1016 1931 1049 pp.
1958 1003 2090 1038 3-10.

425 1060 642 1094 Infinitivum
678 1062 759 1104 post
795 1060 866 1093 haec
897 1061 1006 1093 verba
1030 1061 1218 1094 indicativo
1243 1062 1412 1096 orationis
1437 1065 1540 1097 rectae
1565 1063 1775 1110 respondere
1801 1074 1860 1110 pp.
1888 1060 1996 1099 3—5.
2047 1063 2243 1101 Infinitivos

327 1117 509 1165 proesenssis
545 1121 581 1154 et
618 1118 762 1165 perfecti
787 1131 857 1154 non
881 1119 993 1155 solum
1018 1121 1061 1155 sd
1088 1121 1314 1156 indicativum
1339 1123 1522 1167 praesentis
1548 1128 1583 1157 et
1609 1124 1755 1167 perfecti
1780 1123 1842 1157 sed
1866 1123 1971 1157 etiam
1995 1123 2041 1156 ad
2065 1123 2244 1170 imperfec-

239 1164 247 1175 ⁸
328 1181 406 1212 tum
443 1181 478 1211 ct
514 1178 890 1223 plusquamperfectum
918 1179 1095 1224 pertinere
1119 1191 1155 1226 p.
1182 1179 1216 1214 5.
1266 1180 1396 1215 Futuri
1421 1180 1633 1217 infinitivum
1657 1194 1848 1227 numquam
1872 1182 1946 1216 fere
1973 1194 2152 1219 occurrere
2176 1185 2245 1219 nisi

267 1230 274 1233 ’
328 1235 374 1271 ad
398 1235 535 1271 dicendi
559 1240 595 1271 et
620 1237 792 1272 sentiendi
816 1238 924 1272 verba
948 1238 1096 1272 relassum
1121 1251 1179 1283 pp.
1207 1238 1240 1280 5,
1267 1238 1301 1273 6.
1352 1240 1486 1273 Aoristi
1510 1241 1723 1274 infinitivum
1749 1252 1884 1286 semper
1909 1241 1981 1274 fere
2005 1242 2132 1275 habere
2155 1254 2243 1287 prae·

328 1295 427 1329 teriti
452 1296 620 1341 temporis
646 1295 930 1340 significationem
955 1308 1014 1342 pp.
1041 1295 1075 1340 6,
1101 1295 1135 1330 7.
1186 1297 1395 1332 Afferuntur
1420 1298 1497 1340 loci,
1524 1299 1586 1332 ubi
1610 1303 1691 1344 post
1715 1296 1829 1348 φημί,
1854 1294 2000 1346 οἴομαι,
2026 1300 2102 1336 sim.
2128 1300 2243 1335 infini-

327 1353 424 1388 tivus
448 1354 571 1389 coristi
596 1354 638 1389 de
654 1355 834 1400 praetcrito
852 1357 887 1389 et
903 1355 964 1389 inf.
981 1354 1093 1389 futuri
1110 1354 1152 1388 de
1170 1356 1293 1389 futuro
1310 1356 1405 1400 apud
1421 1357 1609 1391 Homerum
1626 1360 1845 1402 usurpantur
1862 1369 1920 1402 pp.
1940 1356 2072 1392 7-10.
2113 1359 2242 1393 Tamen

328 1423 586 1457 nonnumquam
623 1412 710 1453 fieri,
749 1416 790 1446 ut
827 1413 964 1447 aex-isti·
988 1412 1182 1447 infinitivus
1213 1413 1259 1447 ad
1288 1417 1425 1460 tempus
1450 1416 1668 1461 praeteritum
1692 1416 1790 1450 verbi
1816 1417 1970 1460 regentis
1995 1418 2129 1453 relatus
2154 1418 2243 1453 idem

327 1474 476 1518 tempus,
502 1471 596 1517 quod
620 1472 766 1506 verbum
791 1483 926 1516 regens,
952 1472 1123 1516 significet
1147 1487 1181 1519 p.
1210 1472 1267 1507 10.

425 1607 485 1645 H.
535 1609 634 1644 Num
664 1610 791 1643 aoristi
816 1610 1019 1652 infinitivus
1044 1611 1254 1645 Homericus
1278 1613 1328 1645 ad
1352 1612 1493 1645 dicendi
1518 1615 1550 1645 et
1574 1613 1752 1646 sentiendi
1777 1610 1883 1646 verba
1909 1613 2044 1647 relatus
2062 1612 2235 1655 futurum
2294 1630 2299 1634 ,

327 1670 462 1711 tempus
488 1668 693 1710 siymficarc
712 1668 830 1710 possit
854 1678 914 1711 pp.
945 1664 1097 1701 11—29.

426 1723 474 1762 A.
524 1726 607 1760 Post
631 1721 742 1773 φημί,
768 1719 914 1769 οἴομαι,
940 1727 1078 1760 similia
1103 1738 1163 1770 pp.
1191 1725 1347 1761 11-19,

424 1782 458 1819 1.
509 1783 602 1823 Loci,
629 1782 690 1815 ubi
715 1781 811 1815 aliud
836 1785 889 1817 est
915 1782 1109 1828 subjectum
1135 1784 1236 1820 verbi
1260 1784 1424 1831 regentis,
1450 1784 1545 1820 aliud
1570 1785 1737 1820 infinitivi
1762 1800 1822 1831 pp.
1853 1784 2008 1821 12—16.

424 1845 464 1887 a)
489 1842 582 1881 Loci,
621 1843 683 1874 ubi
720 1854 792 1874 aor-
830 1841 1042 1875 infinitivum
1079 1854 1148 1876 non
1184 1847 1278 1875 recsse
1303 1843 1346 1875 de
1371 1844 1493 1875 futuro
1519 1843 1744 1887 interpretati
1769 1846 1851 1876 sunt
1875 1844 1944 1877 viri
1969 1844 2062 1878 docti
2088 1845 2131 1889 (β
2159 1842 2242 1886 171,

326 1900 362 1934 P
381 1898 440 1940 28,
467 1909 492 1934 σ
515 1897 602 1943 342)
627 1901 690 1932 aut
715 1898 788 1933 sine
813 1909 916 1932 causa
940 1898 978 1932 in
1003 1898 1160 1934 futurum
1184 1902 1412 1935 mutaverunt
1436 1899 1488 1948 (θ
1513 1899 1595 1943 565,
1623 1914 1642 1936 ν
1669 1899 1755 1947 173)
1781 1915 1842 1949 pp.
1871 1901 2025 1937 12-14.

405 1958 465 2004 h)
490 1958 583 1999 Loci,
603 1958 664 1992 ubi
686 1958 843 2002 verbum,
869 1958 912 1992 ad
938 1958 1032 2002 quod
1056 1959 1210 1994 refertur
1236 1960 1311 2000 inf„
1337 1972 1407 1994 non
1432 1972 1553 1994 verum
1579 1965 1631 1995 est
1657 1962 1792 1995 dicendi
1818 1966 1880 1995 aut
1907 1962 2077 1995 sentiendi
2093 1962 2239 1995 verbum

326 2019 379 2062 (Γ
402 2016 460 2057 98,
487 2019 528 2051 Ν
549 2014 734 2060 667-68)
759 2028 819 2061 pp.
849 2015 932 2060 14-ο
946 2015 1002 2049 16.

425 2077 463 2121 c)
487 2076 581 2117 Loci,
608 2076 670 2120 qui
696 2075 855 2109 mutandi
880 2075 1045 2110 videntur
1070 2077 1109 2121 (χ
1136 2074 1193 2120 35,
1220 2077 1248 2122 β
1276 2075 1355 2117 198,
1382 2077 1417 2112 Ε
1439 2075 1526 2121 288)
1552 2089 1587 2122 p.
1618 2077 1673 2111 16.

423 2134 465 2170 2.
509 2135 592 2168 Loci
617 2135 678 2167 ubi
704 2135 797 2166 solus
822 2134 1017 2173 infinitivus
1043 2134 1195 2167 occurrit
1220 2146 1279 2179 pp.
1310 2133 1464 2169 16—19.

424 2192 466 2241 a)
492 2191 532 2239 (ὁ
557 2190 641 2234 504,
667 2204 684 2227 ι
709 2190 797 2237 496)
823 2205 883 2238 pp.
913 2191 967 2233 16,
997 2191 1054 2234 17;
1079 2192 1125 2239 b)
1151 2193 1214 2239 (X
1236 2192 1324 2237 235)
1349 2206 1384 2238 p.
1413 2193 1469 2235 17;
1502 2194 1541 2241 c)
1567 2196 1620 2239 (Γ
1643 2193 1702 2240 28,
1728 2192 1810 2238 366,
1835 2207 1857 2230 υ
1885 2192 1969 2237 121)
1995 2206 2054 2239 pp.
2083 2192 2239 2231 17-19.

422 2252 470 2289 Β.
521 2252 604 2287 Post
628 2252 733 2286 verba
758 2252 931 2295 sperandi
955 2252 1222 2296 (exspectandi),
1243 2253 1487 2296 promittendi,
1514 2254 1691 2298 minandi,
1712 2254 1870 2296 jurandi
1894 2265 1954 2299 pp.
1986 2251 2140 2288 19—29.

423 2310 457 2349 1.
509 2310 624 2345 Verba
661 2311 833 2354 sperandi
869 2322 928 2354 pp.
961 2307 1116 2345 20-24.
1167 2310 1209 2357 a)
1234 2303 1373 2353 ἔολπα,
1409 2309 1456 2355 b)
1481 2306 1651 2355 ἔλπομαι
1689 2309 1966 2356 (ἐπιέλπομαι)
2005 2312 2043 2356 α)
2071 2322 2148 2345 cum
2173 2312 2236 2346 inf.

323 2371 447 2414 futuri,
485 2370 523 2414 β)
549 2380 626 2402 cum
651 2369 712 2401 inf.
738 2367 933 2412 praesentis,
972 2367 1007 2415 y)
1033 2380 1110 2402 cum
1134 2368 1196 2403 inf.
1222 2368 1377 2413 perfecti,
1410 2366 1452 2417 d)
1478 2381 1554 2404 eum
1579 2368 1642 2405 inf.
1668 2369 1790 2404 aoristi
1815 2368 1859 2403 de
1884 2368 2074 2416 praeterito,
2102 2371 2136 2413 ε)
2162 2382 2239 2405 cum

322 2428 384 2464 inf.
411 2428 532 2463 aorisfii
557 2427 599 2462 de
625 2427 755 2469 futur03
783 2428 820 2471 c)
840 2422 1010 2474 ἐλπωρή,
1034 2425 1077 2471 d)
1103 2423 1274 2471 δέχομαι,
1299 2424 1427 2462 δείδω.

420 2486 455 2523 2.
506 2487 622 2520 Verba
642 2487 874 2531 promittendi
897 2498 958 2532 pp.
985 2483 1142 2528 24—273
1172 2486 1212 2530 a)
1238 2479 1462 2532 ὗπῖᾳχομαι,
1488 2483 1695 2532 κατανεύω,
1719 2480 1897 2535 ὑπέστην,
1924 2486 1962 2533 α)
1989 2487 2063 2521 sine
2090 2488 2236 2530 objecto,

321 2547 366 2594 β)
392 2559 468 2582 cum
493 2547 637 2591 objecto,
661 2546 705 2592 b)
731 2538 900 2590 εὔχομαι,
925 2547 1141 2597 γουνοῦμαᾳ,
1168 2540 1330 2591 ἀρῶμαι,
1356 2546 1524 2586 στεῦται,
1551 2547 1587 2589 c)
1613 2543 1706 2579 νεὺω
1732 2538 1930 2588 (ἅνανεύω,
1954 2539 2175 2591 ἇιαίνομαι.

349 2635 357 2643 .
420 2605 458 2642 3.
509 2604 626 2639 Verba
651 2605 817 2640 minandi
841 2617 876 2649 p.
904 2602 963 2639 27.

420 2663 457 2702 4.
508 2664 622 2698 Verba
639 2665 797 2707 ,iurandi
821 2676 880 2708 pp.
910 2661 1065 2705 27—293
1105 2665 1145 2707 a)
1171 2674 1248 2696 cum
1273 2662 1448 2697 infinitivo
1473 2662 1597 2707 futuri,
1635 2662 1678 2708 b)
1704 2675 1780 2697 cum
1805 2663 1867 2699 inf.
1894 2663 2074 2709 praesentis
2099 2667 2134 2698 et
2158 2675 2238 2709 per-

322 2723 403 2758 fecti
428 2726 464 2757 et
489 2722 611 2756 coristi
636 2722 678 2756 de
703 2722 884 2767 praeterito
912 2720 1083 2767 usurpati,
1111 2719 1150 2768 c)
1178 2732 1254 2755 cum
1280 2720 1341 2755 inf.
1369 2721 1491 2756 aoristi
1517 2721 1559 2756 de
1586 2723 1718 2757 futuro.

419 2782 610 2816 Annotatio
635 2781 678 2813 de
704 2781 720 2813 1
747 2778 818 2814 230
842 2793 877 2824 p.
905 2779 963 2814 29.

419 2838 625 2874 Addendum
650 2850 685 2884 p.
714 2835 772 2874 30.
