2690 3597
412 894 416 900 .
454 861 576 913 μάλα
606 861 751 901 ἔλπεαι
782 858 872 905 υἷας
896 857 1069 911 Ἀχαιῶν
1099 863 1111 910 l
1141 857 1397 910 ἀπτολέμους
1426 859 1462 899 τ’
1492 859 1651 913 ἔμεναι,
1685 863 1732 900 Ν
1758 862 1842 901 310
1873 860 1961 901 ἐπεὶ
1992 860 2043 902 οὔ
2062 864 2172 902 ποθι
2192 862 2377 915 ἔλπομαι

1295 238 1326 270 s.
1346 239 1377 271 J.
1399 215 1564 282 emnia.-
1585 262 1591 267 ,

454 322 560 379 lihor
588 336 847 392 ἐρύσασθαι),
878 339 911 376 0
944 338 1029 378 505
1060 336 1242 390 ἵξεσθαι,
1276 339 1360 378 702
1394 336 1630 393 ἐνιπρήσειν
1658 362 1717 370 -
1746 325 1935 391 κτενέειν,
1965 343 2013 381 Π
2026 341 2119 383 609
2140 341 2215 385 τεῦ
2272 322 2281 350 '³

457 415 495 452 P
525 414 608 454 235
640 412 786 466 ἐρύειν,
820 413 905 454 396
938 412 1083 467 ἐρύειν,
1115 414 1201 454 488
1232 410 1467 466 αἱρησέιιεν,
1498 414 1583 454 496
1616 413 1791 456 κτενέειν
1819 437 1881 445 —·
1912 412 2050 481 ἐλααν,
2080 415 2165 458 604
2192 416 2370 478 μαχῆσ

456 485 577 536 σθαι,
608 488 655 527 Σ
682 487 767 528 260
799 486 1037 541 αἱρησέμεν,
1076 489 1110 527 Υ
1140 488 1222 527 180
1252 483 1429 537 ἀναξειν,
1462 488 1544 528 201
1579 487 1846 542 δειδίξεσθαι,
1878 490 1962 530 432
1984 478 2236 539 δειδξεσθαι
2255 480 2395 546 (uinus
2433 542 2437 547 .

455 561 559 604 liber
588 561 883 617 δειδίξασθαι),
915 565 955 603 Φ
988 563 1071 604 605
1104 561 1367 615 κιχήσεσθαι.
1427 560 1525 604 Post
1556 561 1809 616 ἐπιέλπομαι
1839 563 1967 607 futuri
1995 564 2223 608 infinitivus
2241 560 2379 609 occur*-
2399 545 2455 614 κ]
2491 588 2522 616 r-

456 637 511 678 rit
556 640 592 676 A
625 638 708 677 546
757 652 819 689 μη
869 637 921 689 δή
956 638 1109 681 πάντας
1138 635 1263 686 ἐμούς
1292 635 1484 676 ἐπιέλπεο
1516 637 1685 688 μύθους
1711 641 1725 689 Ι
1754 638 1939 692 εἰδήσειν,
1983 641 2025 679 Ω
2056 641 2142 681 492
2174 638 2377 696 οψεσθαι,

455 728 486 763 φ
521 713 602 753 127
636 711 845 753 ἐντανύειν
875 736 933 741 -
965 711 1227 751 διοϊστεύσειν
1251 714 1278 751 ¹.

574 789 622 841 β)
644 786 913 827 Accusativus
943 799 1034 827 cum
1066 784 1268 827 infinitivo
1293 788 1511 837 prcesentis
1533 790 1621 840 post
1642 785 1825 837 ἔλπομαι
1845 788 2018 830 occurrit
2047 788 2070 829 Ι
2091 791 2146 830 41
2169 786 2277 830 οὕτω
2297 804 2378 831 που

454 936 582 977 οὕτως
611 940 624 986 l
652 935 849 976 δεύεσθαι
895 937 1099 985 πολέμοιο
1136 934 1242 991 κάρη
1273 935 1515 986 κομόωντας
1541 932 1722 986 Ἀχαιούς
1742 937 1774 986 ²;
1805 951 1820 975 ι
1851 937 1935 977 419
1970 937 2078 978 οὕτω
2108 937 2190 992 γάρ
2220 938 2300 979 πού
2329 937 2375 989 μ’

454 1007 593 1063 ἤλπετ’
639 1008 698 1050 ἐνὶ
733 1013 851 1063 φρεσὶ
882 1012 1031 1063 νήπιον
1063 1007 1180 1049 εἶναι.
1243 1009 1337 1049 Ηιιο
1367 1008 1489 1050 etiam
1522 1008 1772 1050 referendum
1803 1014 1900 1064 puto
1936 1014 1976 1050 K
2004 1013 2086 1052 356
2121 1010 2263 1052 ἔλπετο
2293 1014 2375 1066 γὰρ

452 1087 557 1124 κατά
591 1085 735 1134 θυμόν
765 1082 1096 1137 ἀποστρέψοντας
1124 1084 1305 1136 ἑταίρους
1334 1088 1347 1134 Ι
1377 1083 1421 1123 ἐκ
1457 1086 1614 1136 Τρώων
1646 1083 1748 1124 ἰέναι
1770 1085 2103 1139 πάλινἛκτορος
2122 1083 2373 1139 ὀτρύναντος,

451 1174 701 1215 quamquam
747 1152 856 1201 enim
904 1159 1007 1200 ἰέναι
1054 1163 1142 1215 post
1187 1158 1416 1214 hujusmodi
1453 1159 1576 1200 verba
1607 1159 1714 1215 apud
1745 1159 1971 1202 Homerum
2002 1161 2373 1218 futurumtempus

451 1235 617 1289 indicat,
664 1239 814 1289 tamen,
860 1248 987 1290 quum
1032 1234 1191 1290 legatur
1222 1248 1340 1276 versu
1371 1234 1628 1276 antecedente
1659 1232 1683 1273 ὅ
1714 1232 1847 1290 δ’·ἄρ’
1877 1234 1968 1289 ἔστη
1997 1235 2156 1276 δοῦπον
2186 1233 2373 1290 α’κούσας,

452 1312 594 1353 melior
624 1312 784 1352 videtur
816 1312 1113 1366 interpretatio:
1145 1312 1331 1365 sperabat
1362 1311 1485 1351 socios
1516 1311 1567 1351 ab
1589 1310 1761 1351 Hectore
1782 1311 1923 1363 missos
1944 1314 2093 1352 venire.
2140 1313 2238 1353 Post
2259 1310 2372 1353 ἄελ-

450 1387 573 1427 πτὲω
619 1386 766 1428 omisso
813 1386 988 1440 subjecto
1032 1385 1259 1427 infinitivus
1304 1385 1514 1441 praesentis
1552 1385 1726 1426 occurrit
1760 1388 1799 1425 H
1830 1387 1914 1427 310
1945 1391 2019 1426 καί
2045 1385 2081 1441 ρ’
2114 1382 2219 1439 ἦγον
2250 1391 2373 1441 προτὶ

451 1459 551 1501 ἄστυ
581 1457 846 1516 ἀελπτέοντες
876 1461 971 1501 σόον
1004 1458 1121 1501 εἶναι.
2241 1448 2245 1453 ’

567 1537 610 1588 γ)
634 1535 817 1586 Perfecti
847 1534 1075 1577 infinitivus
1105 1536 1279 1577 occurrit
1301 1537 1398 1589 (acc.
1422 1549 1455 1576 c.
1480 1534 1570 1588 inf.)
1594 1537 1626 1575 Ο
1648 1537 1729 1576 110
1762 1533 1837 1589 ἤδη
1868 1537 1952 1590 γὰρ
1984 1541 2057 1577 νῦν
2087 1535 2237 1593 ἔλπομ’
2259 1533 2375 1591 “Aput
2607 1540 2650 1599 ἐπ’

397 1612 398 1615 ’
449 1625 498 1662 γε
544 1614 669 1663 πῆμα
704 1613 914 1663 τετύχθαι,
962 1613 998 1650 Ρ
1026 1613 1109 1651 405
1144 1612 1191 1650 το’
1219 1625 1296 1662 μιν
1327 1610 1377 1650 οὔ
1406 1625 1500 1650 ποτε
1533 1609 1678 1650 ἔλπετο
1710 1611 1845 1664 θυμῷ
1874 1614 1886 1661 l
1915 1611 2138 1663 τεθνάμεν,
2181 1612 2370 1667 ubi'per-
2419 1611 2421 1613 ’
2561 1622 2581 1639 ’ν
2617 1598 2684 1670 {quss

447 1685 596 1727 fectum
643 1686 824 1741 sequenti
871 1686 1007 1727 futuro
1053 1683 1347 1739 α’πονοστήσειν
1392 1687 1619 1741 opponitur,
1667 1689 1688 1733 ζ
1720 1688 1803 1726 297
1845 1684 1948 1742 ἐπήν
1980 1684 2110 1738 ἡμέας
2139 1685 2243 1741 ἔλπῃ
2274 1692 2368 1728 ποτὶ
2587 1667 2668 1739 “w

447 1760 606 1811 δώματ’
638 1758 838 1812 ἀφῖχθακ
870 1775 943 1801 nos
972 1760 1135 1801 domum
1167 1762 1334 1801 redisse.
1616 1801 1619 1803 .
2603 1751 2682 1819 9⁹

567 1836 607 1890 δ)
630 1835 793 1877 Acrisii
822 1835 1049 1877 infinitivus
1081 1840 1169 1890 post
1190 1834 1408 1886 ἔλπομαι
1430 1839 1469 1876 et
1489 1835 1537 1876 de
1559 1834 1762 1890 praeterito
1782 1838 1821 1875 et
1841 1834 1889 1882 de
1909 1834 2045 1876 futuro
2065 1839 2241 1891 tempore
2261 1836 2369 1891 apud
2617 1823 2690 1912 ἓξὲξ

446 1912 672 1954 Homerum
700 1912 888 1971 occurrit.
937 1911 998 1953 De
1031 1912 1233 1967 praeterito
1265 1917 1440 1967 tempore
1460 1913 1473 1934 ³
1508 1911 1551 1951 in
1582 1910 1876 1952 constructione
1906 1911 2123 1952 accusativi
2153 1924 2246 1952 cum
2276 1910 2367 1952 infi-
2599 1905 2670 1967 sss}

402 2022 407 2027 .
445 1988 574 2028 nitivo
622 1991 663 2026 11
696 1989 776 2027 199
825 1987 911 2026 ἐπεὶ
957 1984 1040 2027 οὐδ’
1087 1986 1162 2026 ἐιιὲ
1208 1988 1325 2039 νηίδα
1360 1983 1485 2027 οὕτως
1517 1991 1528 2036 l
1557 1985 1743 2037 ἔλπομαι
1775 1985 1820 2026 ἐν
1851 1988 2067 2036 Σαλαμῖνι
2097 1986 2296 2037 γενέσθαι
2328 2002 2380 2027 τε.
2585 1961 2690 2050 ἐξ

445 2062 654 2116 τραφέμεν
700 2076 752 2116 τε,
799 2075 860 2103 me
892 2066 1031 2103 natum
1062 2064 1347 2115 educatumque
1378 2075 1463 2104 esse
1494 2065 1534 2103 et
1567 2074 1600 2115 ψ
1633 2062 1715 2103 346
1748 2059 1903 2102 ὁππότε
1934 2060 1984 2113 δή
2015 2059 2050 2115 ῥ’
2076 2056 2246 2114 Ὀδυσῆα
2277 2059 2366 2101 ἐέλ-
2433 2071 2437 2074 ’
2601 2049 2660 2125 Ῑξξ

444 2150 542 2176 πετο
574 2134 623 2176 ὃν
653 2136 758 2176 κατά
791 2136 939 2188 θυμόν
969 2141 980 2188 l
1011 2134 1130 2189 εὐνῆς
1161 2132 1208 2189 ἧς
1238 2135 1389 2188 ἀλόχου
1421 2139 1681 2190 ταρπήμεναι
1703 2132 1775 2188 ἠδὲ
1794 2139 1864 2174 καὶ
1885 2135 2028 2186 ὕπνου,
2060 2136 2217 2177 Ulixem
2238 2137 2365 2176 deleo·
2606 2131 2644 2185 5²j
2679 2136 2690 2152 '⁴'

445 2215 571 2252 tatum
603 2226 701 2253 esse.
764 2212 907 2267 Neque
939 2213 1106 2253 dubium
1140 2213 1312 2265 videtur,
1345 2213 1445 2267 quin
1476 2212 1555 2253 huc
1585 2212 1707 2253 etiam
1738 2211 1989 2253 referendum
2020 2211 2073 2253 sit
2105 2214 2148 2252 11
2177 2213 2259 2253 282
2295 2210 2365 2251 ff).-

442 2285 622 2336 πόμενοι
642 2310 702 2316 -
722 2310 782 2316 —
813 2289 1034 2339 Πηλείωνα
1066 2290 1078 2338 l
1106 2286 1333 2340 μηνιθμόν
1364 2290 1444 2337 μὲν
1476 2283 1710 2342 ἇποῤῥῖψαι
1742 2285 1932 2338 φιλότητα
1962 2285 1997 2325 δ’
2030 2285 2214 2338 ἑλέσθαι,
2243 2300 2364 2341 quem

442 2360 575 2401 locum
616 2361 787 2402 editores
818 2362 942 2415 vulgo
972 2362 1021 2402 de
1052 2363 1255 2416 praeterito
1286 2362 1616 2417 interpretantur.
1681 2360 1887 2402 Sententia
1917 2361 2025 2401 enim
2057 2360 2145 2402 haec
2175 2366 2234 2402 est
2265 2360 2364 2403 Tro-

434 2435 566 2490 janos,
612 2450 738 2490 quum
785 2435 1019 2478 Patroclum
1057 2437 1181 2478 armis
1217 2437 1392 2478 Achillis
1424 2437 1612 2478 indutum
1644 2436 1839 2489 viderent,
1871 2449 1963 2477 eum
1995 2449 2067 2491 pro
2100 2434 2261 2476 Achille
2293 2435 2363 2477 ha-

543 2614 552 2633 ¹
583 2614 654 2650 Cfr.
683 2616 777 2659 quod
804 2629 910 2660 supra
937 2630 971 2661 p.
999 2616 1042 2650 21
1071 2618 1115 2650 ad
1141 2629 1170 2663 φ
1199 2617 1245 2651 97
1273 2621 1664 2652 commemoratum-est.

541 2672 554 2692 ²
582 2672 709 2706 Schol.:
738 2671 903 2718 οὐδαμοῦ
929 2670 1072 2716 ἐνδεεῖς
1097 2678 1275 2710 τοσοῦτον
1301 2669 1432 2719 οἶμαι
1458 2678 1533 2709 τῶν
1558 2671 1829 2722 βοηθησόντων
1853 2667 1974 2709 εἶναι
1999 2670 2090 2715 τοῖς
2105 2668 2283 2717 Ἀχαιούς
2302 2694 2359 2707 -.

540 2732 552 2750 ³
580 2731 680 2765 Hunc
706 2732 831 2765 aoristi
857 2733 1021 2766 infinitivi
1047 2734 1089 2766 de
1115 2734 1294 2778 praeterito
1322 2745 1423 2765 usum
1449 2732 1648 2775 Madvigius
1676 2732 1777 2764 nimis
1796 2732 1883 2764 artis
1902 2731 2063 2764 terminis
2080 2731 2359 2764 circumscribere

437 2789 586 2829 videtur,
613 2802 722 2833 quum
748 2790 833 2824 dicit
860 2791 968 2838 (Adv.
997 2791 1082 2826 Crit.
1110 2792 1135 2825 I.
1163 2803 1198 2834 p.
1229 2789 1326 2836 178)
1354 2791 1409 2825 De
1431 2791 1611 2834 praeterito
1637 2800 1716 2832 spes
1741 2801 1813 2824 non
1839 2791 1973 2831 dicitur
1998 2790 2073 2823 nisi
2097 2790 2151 2823 rei
2176 2790 2356 2830 absolutae,

436 2852 477 2882 ut
496 2850 654 2892 perfecto
679 2860 750 2884 non
777 2852 910 2885 aoristo
938 2852 1035 2884 locus
1060 2852 1124 2891 sit5
1151 2846 1229 2884 n‘am
1256 2861 1366 2893 neque
1392 2849 1434 2882 iis
1461 2849 1555 2889 locis,
1585 2848 1645 2881 ubi
1671 2849 1745 2893 spei
1771 2848 1978 2891 significatio
1995 2848 2031 2881 in
2049 2848 2119 2881 vim
2137 2847 2358 2881 existimandi

435 2907 535 2950 abiit,
574 2919 684 2951 neque
725 2908 778 2948 iis,
819 2909 878 2942 ubi
911 2920 989 2953 spes
1015 2909 1066 2942 rei
1097 2909 1296 2953 praeteritae,
1324 2910 1421 2950 cujus
1448 2908 1578 2941 exitum
1605 2908 1816 2951 ignoramus,
1844 2912 2142 2947 commemoratur,
2169 2907 2357 2951 quidquam

434 2966 602 3010 impedire
628 2966 780 3010 videtur,
807 2967 992 3011 quominus
1018 2967 1140 3000 aoristi
1165 2966 1361 3000 infinitivus
1388 2970 1590 3010 usurpetur.
