2690 3597
2176 195 2244 266 '15

390 340 442 348 .....

412 392 414 394 Ι
439 390 447 397 1
481 340 602 401 μιῇ
599 327 773 411 ιιιιυιιιιι
800 337 968 392 venerit,
974 333 994 344 '
997 336 1167 380 audiant
1186 334 1322 378 Graeci
1341 340 1382 378 et
1386 336 1586 397 TroJani3
1610 337 1772 379 ce'nseo'
1794 337 1929 393 inquit
1950 338 2140 394 ’separari
2158 339 2244 394 jam

343 456 348 461 ,
411 467 417 471 ,
503 417 567 456 'et
591 399 802 482 Trojanos,
846 412 975 468 quum
1008 411 1107 454 satis
1141 411 1271 453 multa
1301 412 1407 467 passi
1438 412 1526 453 sitis
1556 404 1718 468 propter
1748 426 1856 454 meas
1885 427 1978 454 cum
2009 414 2248 457 Alexandro

242 540 262 545 ‚q
326 487 589 540 mmmm
651 486 741 530 Ηοο
770 492 905 530 autem
934 499 1074 529 censeo
1104 488 1295 538 separari
1322 487 1414 541 quis
1445 500 1526 528 non
1559 486 1667 528 videt
1697 486 1804 528 idem
1836 501 1920 529 esse
1949 488 2072 543 quod:
2105 491 2247 531 condi-

189 559 257 599 ἤι’»
313 557 507 608 :omnem
529 562 723 615 accepia,-
745 575 875 617 quum
920 561 1030 604 enim
1074 559 1225 602 Hector
1259 560 1532 603 condicionem
1564 560 1793 603 Alexandri
1823 540 2103 617 proposuisset,
2137 563 2243 604 nihil

198 669 219 681 a
243 651 272 678 ’ἢ
299 630 444 686 ,Aliud
484 637 805 692 exspectabatur,
851 636 930 678 nisi
974 641 1021 677 ut
1055 624 1203 678 diceret
1233 634 1456 690 Menelaus,
1488 642 1628 677 utrum
1657 636 1932 678 condicionem
1963 638 2160 693 acciperet
2189 652 2244 679 an

332 711 572 768 repudiaret.
635 710 713 753 Sin
751 716 887 759 autem
925 711 1001 752 hoc
1036 711 1121 752 loco
1150 711 1194 752 in
1225 711 1348 752 verbo
1378 714 1549 764 φρονεῖν
1579 712 1726 753 inesset
1756 711 1926 767 putandi
1961 712 2024 753 vel
2054 713 2246 766 opinandi

331 785 584 848 significatio,
631 799 788 828 necesse
826 785 970 844 ,fuisset
1014 785 1107 827 addi
1145 784 1308 840 aliquod
1340 785 1578 827 vocabulum
1609 784 1748 838 ἡδέως,
1779 782 1980 839 ἀσμένως,
2011 783 2245 844 ἀσπασίως.-

275 867 279 868 ’
332 862 465 921 οϊειῐοι
481 874 551 903 vos
581 861 753 902 libenter
781 852 1012 919 seperatum
1041 861 1098 901 iri
1127 860 1276 916 optime
1305 859 1435 902 dicere
1466 860 1596 915 potuit
1627 858 1856 915 Menelaus;
1892 862 2037 913 opinor
2066 874 2134 903 vos
2153 862 2244 912 jam
2295 909 2300 915 ,

331 941 563 989 separatum
606 937 663 975 iri
709 935 821 975 nullo
865 934 1055 975 vocabulo
1092 934 1244 988 adjecto
1275 935 1345 974 vix
1384 935 1513 974 dicere
1544 939 1699 988 poterat
1728 935 1775 987 is,
1807 936 1918 987 cujus
1950 937 1993 975 in
2025 936 2151 990 ipsius
2181 949 2247 977 ar—

332 1010 453 1051 bitrio
484 1024 546 1051 res
576 1010 706 1064 posita
736 1014 834 1050 erat.

449 1084 529 1126 Hic
573 1085 693 1126 etiam
738 1083 1109 1126 commemorandus
1145 1088 1204 1124 est
1242 1082 1351 1124 locus
1383 1082 1451 1124 ille
1486 1087 1528 1123 Ν
1559 1085 1776 1137 666-68,
1809 1086 1878 1126 ubi
1910 1087 1959 1127 de
1990 1085 2241 1140 Euchenore,

332 1158 416 1200 filio
446 1157 617 1214 Polyidi,
648 1159 719 1215 qui
739 1154 785 1198 εὖ
816 1157 933 1203 εἰδώς
950 1157 1040 1212 κῆρ’
1062 1155 1190 1211 ὀλοήν
1211 1157 1254 1197 ιιι
1277 1156 1427 1197 bellum
1449 1171 1489 1198 se
1509 1158 1693 1214 contulit,
1714 1159 1801 1200 haec
1820 1159 2030 1202 dicuntur:
2064 1161 2245 1202 πολλάκι

333 1235 413 1285 γάρ
458 1234 497 1273 οἳ
526 1233 634 1273 ἔειπε
665 1236 799 1285 γέρων
828 1229 997 1284 cira-90¹3·
1027 1233 1232 1276 Πολύιδος
1261 1237 1273 1282 l
1303 1233 1438 1286 νούσῳ
1468 1232 1534 1271 ὑπ’
1566 1231 1751 1287 ἀργαλέῃ
1783 1236 1972 1284 φθίσθαι
2004 1234 2067 1280 οἷς
2095 1236 2138 1274 ἐν
2170 1252 2246 1286 με·

333 1308 527 1364 γάροισιν
555 1313 567 1361 l
598 1306 624 1363 ἢ
652 1308 741 1363 μετ’
767 1306 942 1364 ’Δχαιῷν
971 1312 1109 1361 νηυσὶν
1138 1306 1221 1349 vino*
1256 1308 1433 1361 Τρώεσσι
1464 1307 1663 1362 δαμῆναι,
1691 1324 1771 1365 quo
1801 1310 1886 1353 loco
1916 1311 2054 1353 nullus
2083 1312 2246 1366 quidem

332 1384 583 1425 accusativus
626 1372 800 1426 occurrit
844 1383 913 1425 sed
958 1377 1179 1438 subjectum
1218 1382 1512 1424 infinitivorum
1543 1383 1679 1425 dativo
1709 1384 1780 1426 illo
1811 1385 1853 1425 οἱ
1884 1385 2095 1426 indicatur.
2158 1385 2248 1428 Hoc

332 1474 414 1500 uno
444 1461 528 1500 loco
556 1460 694 1500 aoristi
724 1451 917 1499 infinitivi
947 1460 996 1498 de
1026 1459 1144 1498 rebus
1175 1459 1321 1498 futuris
1352 1472 1447 1499 usus
1479 1459 1645 1498 forsitan
1678 1460 1741 1498 vel
1771 1461 1947 1500 maxime
1979 1462 2141 1515 probari
2161 1462 2246 1501 cui-

333 1534 442 1590 piam
487 1534 687 1587 videatur,
735 1547 830 1574 nam
869 1538 909 1574 et
939 1533 1108 1574 verbum
1139 1533 1241 1574 illud
1272 1532 1383 1573 ἔειπε
1413 1546 1554 1575 verum
1587 1533 1744 1574 videtur
1774 1548 1858 1576 esse
1887 1534 2043 1576 dicendi
2075 1536 2244 1577 verbum

334 1622 461 1663 neque
485 1607 652 1661 jubendi
684 1607 830 1647 habere
862 1605 1198 1659 significationem
1229 1612 1269 1647 et
1301 1606 1494 1647 infinitivi
1525 1606 1585 1646 illi
1619 1608 1822 1658 φθίσθαι,
1854 1608 2041 1661 δαμῆναι
2063 1609 2245 1650 futurum

332 1689 491 1738 tempus
520 1688 655 1737 aperte
685 1683 865 1723 indicant
897 1696 1025 1736 neque
1056 1683 1172 1724 facile
1202 1683 1246 1723 in
1278 1683 1416 1723 futura
1438 1682 1585 1723 mutari
1608 1688 1785 1736 possunt.
1833 1683 2066 1735 Madvigius
2087 1687 2100 1707 ²
2136 1684 2245 1725 hunc

333 1745 470 1801 aBristi
515 1756 709 1799 infinitivi
738 1772 858 1799 usum
898 1756 991 1799 inde
1020 1756 1306 1814 explicandum
1339 1761 1484 1811 censet,
1516 1756 1622 1813 quod
1656 1756 1822 1798 verbum
1852 1758 2100 1799 vaticinandi
2124 1762 2247 1812 χρῆν,

312 1831 438 1889 vquod
468 1839 507 1874 et
536 1833 867 1886 signifieationem
894 1835 1176 1885 praecipiendi,
1207 1835 1305 1884 quid
1330 1833 1415 1882 fiat,
1446 1837 1485 1873 et
1509 1835 1775 1884 praedicendi‚
1796 1836 1892 1883 quid
1902 1834 2093 1882 futurum
2114 1837 2179 1886 sit,
2203 1835 2250 1875 in

333 1906 659 1965 praedictionibus
678 1906 842 1950 deorum
863 1912 903 1949 et
923 1906 1177 1950 oraculorum
1193 1906 1352 1962 habeat,
1371 1896 1676 1963 nonnumquam
1697 1907 1818 1949 etiam
1841 1907 1883 1949 in
1906 1908 2243 1964 praedictionibus,

267 1981 270 1984 ⁴
332 1984 429 2038 quid
460 1974 640 2023 futurum
672 1969 735 2030 sit,
768 1994 860 2022 cum
890 1982 1028 2023 aoristi
1059 1982 1262 2022 infinitivo
1284 1982 1565 2036 conjungatur,
1584 1987 1793 2036 propterea
1813 1983 1918 2037 quod
1940 1983 2245 2036 significetsato

335 2059 589 2109 constituere,
622 2062 665 2096 ut
703 2058 858 2107 aliquid
876 2057 967 2104 fiat.
1022 2042 1153 2096 'Hunc
1184 2057 1321 2096 aoristi
1354 2056 1546 2095 infinitivi
1576 2070 1693 2095 usum
1724 2057 1844 2115 etiam
1877 2064 1964 2111 post
1994 2058 2249 2098 substantiva

328 2126 511 2186 χρησμός
539 2138 579 2173 et
609 2134 756 2183 λόγιον
787 2145 993 2173 occurrere
1023 2131 1135 2173 docet
1156 2136 1277 2186 atque
1308 2119 1450 2172 saltem
1482 2132 1587 2187 apud
1618 2136 1752 2186 poetas
1773 2132 1823 2172 ad
1844 2132 1925 2173 alia
1944 2147 2103 2187 quoque
2124 2133 2247 2175 verba

332 2206 562 2253 traductum
600 2218 695 2247 esse.
758 2204 825 2245 Ac
850 2218 977 2260 quum
1008 2218 1314 2260 nonnumquam
1347 2204 1497 2245 factum
1529 2205 1593 2258 sit,
1625 2209 1670 2245 ut
1699 2204 1906 2246 oraculum
1938 2205 2244 2260 interrogatum,

262 2291 270 2299 ‘
332 2282 429 2337 quid
451 2282 632 2323 futurum
653 2286 755 2321 esset
785 2285 855 2321 aut
885 2281 1058 2335 quando,
1091 2281 1359 2334 interroganti
1391 2282 1660 2336 responderet,
1691 2287 1737 2322 ut
1769 2282 1843 2322 hoc
1876 2282 1938 2322 vel
1970 2282 2071 2322 illud
2101 2282 2248 2324 faceret

335 2382 389 2400 —.-
421 2356 532 2397 velut
577 2355 768 2397 Herodot.
815 2355 849 2396 I:
885 2358 937 2396 55
986 2355 1137 2410 Pythia
1175 2361 1366 2396 narratur
1396 2356 1541 2397 Croeso
1573 2357 1853 2411 interroganti,
1886 2371 1979 2396 num
2010 2359 2245 2400 diuturnum

280 2422 283 2424 ³
332 2445 448 2473 suum
491 2444 658 2482 regnum
691 2430 882 2480 futurum
919 2434 1021 2472 esset
1052 2430 1113 2485 (εἴ
1140 2430 1179 2470 οἳ
1210 2431 1481 2486 πολυχρόνιος
1510 2430 1619 2472 ἔσται
1650 2430 1676 2485 ή
1708 2432 1952 2485 μουναρχίη)
1983 2431 2249 2487 respondisse,

266 2489 270 2493 „
332 2510 387 2558 ut,
431 2519 558 2560 quum
603 2504 737 2546 mulus
782 2518 854 2545 rex
899 2504 1110 2545 Medorum
1156 2504 1284 2545 factus
1330 2511 1444 2559 esset,
1470 2505 1640 2558 fuyeret
1669 2519 1766 2546 neve
1798 2510 1976 2546 maneret
2005 2504 2117 2559 (ἄλλ’
2148 2508 2247 2546 ὅταν

274 2606 278 2611 -
333 2579 507 2633 ἡμίονος
551 2581 743 2632 βασιλεῦς
787 2580 968 2632 Μήδοισι
1012 2581 1173 2632 γένηται
1203 2585 1215 2631 l
1244 2585 1314 2620 καὶ
1346 2582 1442 2630 τότε,
1481 2582 1586 2621 Λυδὲ
1616 2583 1814 2634 ποδαβρέ,
1845 2582 2121 2635 πολυψήφιδα
2150 2583 2246 2635 παρ’

321 2655 482 2710 Ἕρμον
496 2659 508 2707 s
523 2655 691 2707 φεύγειν
721 2656 826 2707 μηδὲ
858 2655 999 2706 μένειν
1019 2654 1113 2707 μηδ’
1135 2654 1345 2696 αἰδεῖσθαι
1365 2656 1492 2701 κακός
1512 2654 1636 2710 εἶναι)
1651 2682 1709 2687 -
1730 2657 1895 2698 fortasse
1922 2658 2043 2698 etiam
2065 2657 2138 2698 hoc
2160 2657 2246 2698 loco

312 2713 500 2785 ‘cogitari
542 2735 672 2785 pote'st
702 2729 919 2784 Polyidum
949 2734 1083 2771 vatem
1114 2729 1197 2771 filio
1227 2730 1493 2784 interroganti
1525 2732 1786 2786 respondisse,
1819 2737 1864 2772 ut
1895 2732 2072 2785 eligeret,
2105 2737 2243 2773 utrum

284 2955 286 2957 Ι
433 2903 446 2923 ¹
473 2904 564 2939 Adv.
588 2897 677 2938 crit.
703 2904 721 2936 Ι
745 2915 803 2949 pp.
834 2903 1012 2946 176—773
1039 2905 1100 2937 cfr.
1127 2905 1448 2938 commentationem
1475 2909 1646 2939 nostram:
1675 2906 1725 2939 De
1750 2905 1888 2938 Futuro
1914 2904 2110 2939 Herodoteo
2136 2917 2170 2950 p.
2199 2903 2247 2939 34

224 2982 228 2992 ι
332 2961 387 3010 (ιιι
412 2963 489 2997 Act.
516 2963 618 2998 Univ.
643 2963 757 2998 Lund.
783 2963 879 2997 Tom.
904 2963 1013 3008 XIV).
