2690 3597
805 300 882 330 Aor.
903 298 961 328 inf.
983 299 1176 329 Homericus
1200 310 1274 327 num
1298 299 1442 328 futurum
1468 302 1597 337 tempus
1623 298 1798 337 significet.
2234 285 2257 324 3

348 410 429 453 qua
465 397 508 438 in
547 397 748 447 Philoloqo
770 399 783 420 ²
817 394 1013 453 copiosius
1032 397 1270 452 exponeret.
1333 396 1422 448 Qua
1448 397 1495 451 in
1527 396 1653 439 libelli
1686 397 1759 438 mei
1794 398 2038 452 expositione
2071 399 2255 441 humani-

350 473 445 513 tatis
490 472 857 527 benevolentiaeque
892 473 1123 528 plenissima
1152 487 1278 527 quum
1309 472 1475 514 dixisset
1508 473 1569 513 vir
1599 473 1864 524 doctissimus,
1896 487 2142 528 quamquam
2175 490 2257 516 om-

351 547 447 586 nino
492 546 604 600 copia
650 551 688 586 et
734 546 943 599 diligentia
989 546 1193 600 scriptoris
1240 545 1441 585 laudanda
1471 553 1580 596 esset,
1614 551 1747 586 tamen
1779 547 1914 586 aoristi
1947 547 2135 589 infinitivi
2171 558 2256 603 post

315 621 318 624 ’
350 619 506 661 dicendi
537 607 811 675 sentiendique
844 620 965 661 verba
994 620 1042 662 de
1074 626 1250 675 tempore
1281 620 1413 661 futuro
1446 634 1562 661 usum
1586 620 1845 662 Homericum
1867 622 2139 676 compluribus
2161 624 2256 665 locis

349 695 414 736 vel
446 700 634 737 contextu
666 678 878 737 verborum
911 700 1063 737 mutato
1095 694 1158 736 vel
1190 695 1515 748 interpretatione
1547 702 1725 736 contorta
1748 697 1868 737 nimis
1889 699 2071 749 angustis
2087 700 2255 740 circum-

351 770 543 825 scriptum
590 785 673 811 esse
709 771 903 821 terminis,
939 770 1042 811 locos
1074 769 1162 811 illos
1195 768 1439 821 Homericos,
1473 770 1541 823 qui
1573 770 1622 810 ad
1655 770 1758 811 hane
1790 772 2050 824 quaestionem
2085 774 2255 827 pertine-

351 851 452 898 rent,
485 844 719 899 diligentius
750 844 894 885 iterum
927 844 1122 899 inspicere
1153 843 1354 884 constitui.
1406 844 1538 897 Neque
1571 854 1702 886 tamen
1735 845 1834 886 mihi
1868 846 2095 900 persuaderi
2129 850 2257 902 potuit

349 919 486 959 aoristi
532 918 722 958 infinitivi
769 918 816 958 de
849 919 965 958 rebus
997 918 1142 957 futuris
1174 930 1288 957 usum
1324 922 1405 956 tam
1438 916 1517 957 late
1550 924 1694 971 patere,
1728 931 1848 972 quam
1882 920 2022 960 statuit
2053 921 2256 976 Capellius

350 993 601 1048 potissimum
647 998 733 1047 post
779 993 901 1032 verba
931 991 1143 1044 sentiendi3
1175 991 1298 1031 immo
1330 1004 1424 1031 vero
1454 1005 1699 1045 quamquam
1731 993 1778 1032 de
1813 995 2015 1034 nonnullis
2048 996 2141 1036 locis
2177 997 2255 1038 Ho—

350 1068 507 1107 mericis
553 1081 594 1107 re
639 1067 871 1119 diligentius
920 1067 1167 1107 considerata
1213 1066 1452 1106 sententiam
1503 1067 1668 1117 mutavi,
1718 1075 1850 1107 tamen
1882 1068 1929 1107 de
1963 1070 2148 1110 universa
2182 1071 2255 1111 hac

348 1142 566 1196 quaestione
591 1141 841 1195 Madvigium
872 1143 1102 1182 etiamnunc
1136 1141 1266 1195 probo.
1331 1139 1429 1189 Qua*
1462 1155 1587 1194 quum
1620 1141 1676 1181 ita
1708 1142 1801 1194 sint,
1837 1157 1913 1183 non
1944 1144 2122 1185 alienum
2156 1146 2253 1186 mihi

349 1216 480 1257 visum
527 1223 585 1257 est
627 1220 750 1257 totam
782 1215 885 1257 hanc-
915 1216 1174 1271 quaestionem
1207 1216 1254 1256 de
1285 1215 1422 1256 aoristi
1455 1215 1654 1257 infinitivo
1684 1218 1790 1271 apud
1822 1218 2043 1259 Homerum
2076 1222 2255 1262 futurum

351 1298 506 1348 tempus
536 1292 737 1333 indicante
769 1294 915 1333 iterum
948 1297 1203 1345 pertractare,
1232 1291 1460 1344 praesertim
1493 1304 1618 1344 quum
1651 1291 1692 1343 ii,
1725 1292 1794 1346 qui
1827 1293 2021 1347 proximis
2043 1295 2160 1335 annis
2182 1295 2255 1336 hac

350 1368 391 1409 in
439 1382 481 1409 re
528 1368 672 1409 versati
713 1374 818 1420 sunt,
869 1366 1063 1419 COBETUS,
1096 1365 1255 1418 NABER,
1289 1366 1511 1418 HENTzlus,
1544 1365 1612 1406 alii
1646 1380 1723 1406 non
1755 1381 1891 1407 omnes
1922 1367 2024 1409 locos
2057 1369 2097 1410 in
2130 1385 2255 1412 unum

350 1444 592 1486 contulerint
623 1444 690 1485 sed
723 1449 880 1484 tantum
914 1443 1047 1498 plures
1078 1442 1269 1496 quosdam
1301 1442 1555 1496 paucioresve
1586 1443 1806 1495 attigerint.

467 1519 540 1560 Sed
572 1533 815 1573 quamquam
848 1519 932 1559 haec
963 1517 1242 1559 commentatio
1264 1516 1326 1557 vel
1348 1517 1523 1557 maxime
1540 1517 1587 1557 in
1609 1531 1653 1557 eo
1677 1518 1913 1565 versabitur,
1939 1525 1981 1559 ut
2003 1520 2253 1575 dijudicetur,

343 1595 524 1646 possitne
555 1595 700 1635 aoristi
730 1593 955 1644 infinitivus
987 1593 1097 1644 apud
1129 1591 1348 1633 Homerum
1380 1592 1434 1634 ad
1464 1592 1625 1633 debendi
1656 1594 1928 1645 sentiendique
1964 1595 2079 1637 rerba.
2103 1597 2255 1640 relatus

338 1669 528 1718 ficturum
575 1672 726 1720 tempus
760 1666 1005 1720 Se‘qm'ficare,
1038 1676 1172 1706 tamen
1206 1666 1472 1706 necessarium
1507 1666 1618 1707 nobis
1652 1667 1782 1708 visum
1813 1679 1871 1709 est
1904 1669 1965 1710 vel
1997 1670 2044 1711 de
2076 1671 2252 1724 singulo-

348 1759 437 1784 rum
483 1742 673 1784 infinitivi
720 1747 942 1797 temporum
990 1740 1030 1781 vi
1075 1746 1114 1782 et
1162 1756 1236 1781 usu
1272 1746 1358 1795 post
1403 1741 1524 1781 verba
1572 1741 1726 1784 dicendi
1760 1754 1798 1783 et
1830 1744 2023 1785 sentiendi
2057 1747 2252 1786 nonnulla

348 1817 589 1874 praemittere
621 1816 684 1858 vel
716 1816 797 1858 illis
829 1816 935 1869 locis,
967 1815 1037 1857 ubi
1067 1814 1115 1857 de
1150 1814 1291 1868 verbis,
1326 1820 1412 1870 post
1442 1830 1532 1870 quae
1565 1815 1688 1857 futuri
1721 1816 1925 1870 infinitivi,
1959 1824 2002 1859 ut
2029 1818 2085 1859 ita
2107 1819 2250 1872 dicam,

347 1892 549 1947 legitimus
594 1896 652 1933 est
696 1906 804 1943 usus,
841 1897 996 1945 agetur,
1029 1905 1163 1932 omnes
1195 1890 1298 1932 locos
1329 1889 1484 1943 afferre,
1520 1890 1588 1931 ubi
1621 1891 1705 1931 haec
1740 1892 1858 1933 verba
1890 1893 1992 1946 apud
2030 1893 2251 1934 Homerum

347 1983 437 2010 cum
468 1966 668 2009 infinitivo
699 1966 909 2021 conjuncta
939 1972 1166 2008 occurrunt.
1220 1964 1321 2007 Duae
1352 1965 1478 2019 igitur
1508 1974 1626 2007 erunt
1659 1965 1776 2020 hujus
1798 1968 2141 2009 commentationis
2163 1982 2253 2022 par-

347 2049 427 2097 tes,
459 2042 501 2083 in
532 2056 613 2083 una
643 2042 690 2082 de
722 2046 944 2096 temporum
976 2040 1168 2081 infinitivi
1200 2040 1495 2093 significatione
1528 2048 1614 2095 post
1645 2041 1799 2081 dicendi
1833 2050 1871 2081 et
1903 2042 2100 2082 sentiendi
2134 2043 2255 2083 verba

319 2114 471 2172 ‘pauca
515 2117 698 2171 quaedam
739 2129 995 2171 exponemus,
1028 2115 1071 2154 in
1100 2115 1228 2155 altera
1258 2115 1333 2155 loci
1366 2116 1583 2166 Homerici,
1618 2116 1685 2154 ubi
1716 2116 1852 2155 aoristi
1886 2116 2111 2157 infinitivus
2144 2117 2253 2157 futu—

346 2206 436 2233 rum
467 2197 623 2247 tempus
654 2191 878 2245 significare
910 2192 1018 2231 visus
1049 2198 1120 2242 est,
1153 2190 1371 2231 afferentur
1401 2196 1439 2231 et
1470 2191 1821 2231 examinabuntur.

1273 2517 1316 2572 Ι.

459 2645 687 2699 Utcumque
732 2645 779 2686 de
825 2645 978 2697 origine
1024 2644 1105 2696 ejus
1151 2643 1467 2686 constructionis,
1516 2658 1606 2695 quae
1649 2646 1901 2682 accusativus
1935 2659 2020 2682 cum
2055 2646 2253 2692 haimerico

344 2724 518 2767 vocatur.
552 2719 791 2774 judicamus,
829 2719 968 2774 negari
1006 2733 1084 2761 non
1130 2723 1256 2773 potest
1295 2717 1515 2759 infinitivos
1546 2717 1648 2770 illos,
1680 2718 1750 2771 qui
1782 2718 1823 2758 in
1857 2718 1929 2758 hae
1960 2719 2253 2760 constructione

343 2802 430 2852 post
475 2795 631 2837 dicendi
676 2802 716 2837 et
762 2796 957 2837 sentiendi
1005 2796 1126 2837 verba
1164 2802 1389 2846 occurrunt,
1423 2794 1636 2848 praedicato
1666 2795 1954 2834 enuntiationis
1986 2795 2176 2835 absolut-‘1¹
2212 2795 2252 2835 in

446 2965 453 2983 ¹
485 2967 698 3010 Philoloyus,
737 2966 899 2998 XXXVII
938 2965 1045 3004 Band,
1079 2963 1170 2998 1877
1198 2977 1255 3009 pp.
1287 2962 1472 2998 113—121
1505 2965 1574 3011 (im
1603 2965 1690 2998 ”Die
1718 2974 1865 2998 neneren
1894 2966 2050 2997 «rhoiten
2078 2964 2153 3006 auf
2176 2964 2248 2996 dem

340 3026 467 3066 yebiete
494 3026 555 3057 der
582 3026 832 3058 Homer-iselam
859 3028 995 3065 syntax.
1025 3025 1173 3056 Zweiter
1199 3024 1339 3055 Artikel
1365 3035 1421 3065 pp.
1451 3021 1645 3066 >su—129).
