2690 3597
1158 230 1250 291 ιιιιιι
1264 240 1418 294 futurum
1438 257 1570 295 tempus
1591 231 1770 295 sig'uineet.
1811 243 1813 245 ,
1831 236 1838 243 ¹

697 403 701 405 ,
816 358 967 408 tmen
997 358 1061 406 est
1090 352 1331 408 Krugerum
1353 331 1427 395 illo
1455 353 1541 396 loeo
1570 355 1651 396 ιιὸιι
1681 353 1788 396 inter
1816 343 1965 399 eeteros
1979 354 2134 402 aoristi
2162 359 2253 402 infi-

501 473 540 492 ‚A
533 433 598 482 et„
615 440 701 483 eos,
741 428 816 485 qui
837 417 938 485 post
958 423 1122 485 dicendi
1151 433 1194 470 et
1222 428 1421 471 sentiendi
1450 429 1576 471 verba
1605 435 1834 484 occurrunt,
1865 431 2099 475 distinxisse
2128 439 2252 490 atque

421 502 508 547 flhs
531 496 648 562 loeis
659 500 899 557 Homericis,
928 494 1029 565 quos
1057 502 1186 556 affert,
1217 502 1316 545 duos
1345 504 1394 558 (β
1418 505 1515 557 171,
1548 503 1575 543 δ
1595 505 1698 558 504)
1726 510 1863 560 aperte
1892 506 2039 550 aot-isto
2067 507 2117 549 de
2147 523 2253 564 prae-

320 578 461 634 isi-ifle
488 577 564 632 uti,
581 578 713 621 -tertio
740 579 786 632 (γ
817 579 920 633 320)
948 577 1214 619 infinitivum
1226 578 1276 619 ad
1307 577 1514 619 eausa-9121
1545 578 1698 632 referri,
1729 579 1788 619 ita
1816 585 1863 620 ut
1893 580 2007 622 facile
2036 582 2085 623 de
2104 589 2252 638 quarto

246 699 267 713 ἡ,
290 710 297 712 -
315 662 323 699 ἶ
341 639 384 699 P
405 640 478 707 28,
507 652 578 702 ubi
605 653 833 709 complures
860 653 1030 695 editores
1049 652 1230 694 futurum
1251 652 1405 707 legunt,
1426 652 1612 694 dubitare
1631 653 1841 708 possimus.
1888 655 2089 698 Praeterea
2108 659 2252 712 quanti

189 767 199 777 κ
316 711 625 771 7’αι”ειίιιιιιιιᾱιιιιι
670 727 725 770 sit
769 722 1014 784 p'roeoeptum
1058 726 1160 769 illud
1189 726 1371 791 Kriigeri
1400 727 1448 769 de
1477 728 1615 770 aoristi
1646 728 1847 772 infinitivo
1876 736 2030 772 eertum
2061 733 2253 788 temporis
2662 715 2690 803 Ξ

341 808 592 865 momentum
634 809 716 845 non
760 803 1026 856 significante,
1056 803 1153 843 satis
1187 803 1321 843 docuit
1349 802 1593 856 Madvigius.
1625 824 1683 837 —»
1713 804 1777 844 Ac
1806 809 1925 858 certe,
1956 819 2083 860 quum
2113 808 2252 848 aoristi

298 894 301 896 ·
341 877 569 920 infinitivus
597 881 686 932 post
716 877 791 919 hoe
818 877 952 932 ipsum
983 877 1152 918 verbum
1181 881 1288 928 φημὶ
1318 876 1362 917 in
1391 876 1529 918 eadem
1559 891 1720 930 prorsus
1741 879 1937 919 sentiendi
1958 880 2253 933 significatione
2635 910 2638 912 -
2664 834 2690 944 1}

342 955 426 1005 tem
470 964 575 1007 saepe
616 950 665 992 de
700 955 877 1007 tempore
912 950 1115 1007 praeterito
1143 954 1339 1003 occurrat,
1371 949 1498 991 futuri
1529 954 1664 991 autem
1695 950 1922 993 infinitivus
1952 952 2073 994 etiam
2104 955 2253 1010 saepius
2677 945 2690 990 a*

342 1026 392 1068 de
436 1026 584 1079 futuro,
631 1040 711 1067 non
752 1026 937 1066 dubitare
967 1026 1156 1066 debemus
1187 1030 1343 1066 mutata
1373 1038 1456 1065 una
1485 1025 1603 1065 litera
1632 1040 1660 1065 a
1689 1026 1732 1065 in
1764 1040 1783 1065 ε
1813 1026 1877 1066 his
1907 1027 2002 1067 locis
2033 1034 2181 1069 rectam
2212 1036 2253 1070 et
2672 1003 2690 1093 ἶ

342 1099 488 1141 bonam
519 1100 757 1141 sententiam
788 1101 1008 1146 restituere.
2662 1147 2690 1159 Ἀ

2676 1193 2690 1210 Ἴ

1264 1399 1321 1445 Β.

461 1517 680 1571 Reliquum
724 1522 797 1568 est,
843 1521 889 1556 ut
933 1516 981 1556 de
1026 1516 1076 1556 iis
1120 1516 1333 1556 infinitivis
1378 1516 1622 1555 mentionem
1653 1515 1858 1569 faciamus,
1888 1530 1980 1571 quae
2010 1524 2099 1573 post
2130 1519 2254 1561 verba

296 1577 299 1578 ⁷
343 1594 537 1644 sperandi
567 1592 870 1646 (exspectandi),
892 1594 1170 1643 promittendi,
1205 1593 1398 1642 minandi,
1414 1592 1589 1639 jurandi
1609 1597 1836 1640 occurrunt,
1859 1605 1950 1644 quae
1973 1593 2095 1632 verba
2111 1607 2255 1647 quam-

343 1680 464 1722 quam
497 1671 544 1717 ut
562 1665 677 1721 ’apud
707 1655 857 1707 eeteros
886 1665 1098 1721 scriptores
1128 1663 1291 1707 Graeods
1311 1665 1369 1706 ita
1388 1664 1495 1719 apud
1516 1664 1739 1707 Homerum
1759 1665 1808 1706 de
1829 1666 1956 1707 rebus'
1968 1666 2114 1708 futuris
2134 1667 2253 1721 longe

344 1740 561 1795 saepissime
590 1752 681 1779 cum
713 1739 840 1779 futuri
870 1738 1071 1779 infinitivo
1101 1739 1413 1793 conjunguntur,
1446 1743 1579 1779 tamen
1612 1751 1916 1794 nonnumquam
1947 1745 2017 1781 aut
2043 1742 2257 1796 praesentis

343 1823 414 1857 aut
458 1816 593 1857 aoristi
624 1802 826 1856 infinitivo
855 1815 904 1855 de
939 1814 1074 1855 futuro
1104 1819 1288 1866 utuntur,
1321 1802 1402 1854 illis
1431 1814 1593 1867 quidem
1623 1814 1875 1868 potissimum
1906 1814 2014 1867 locis,
2047 1816 2114 1856 ubi
2146 1817 2254 1857 solus

342 1890 568 1932 infinitivus
585 1889 781 1931 occurrit.
848 1879 983 1944 Atoue
1013 1889 1088 1930 hoo
1117 1889 1202 1930 loeo
1233 1889 1624 1930 commemorandum
1655 1895 1727 1942 est,
1759 1903 2004 1944 quamquam
2036 1891 2132 1932 satis
2162 1905 2256 1946 cog-

343 1965 475 2012 nitum
521 1957 574 2005 sit
611 1964 654 2004 in
689 1963 831 2017 lingua
861 1961 1005 2004 Graeoa
1035 1968 1124 2019 post
1154 1963 1351 2005 sentiendi
1381 1968 1421 2004 et
1451 1963 1608 2004 dicendi
1639 1962 1763 2003 verba
1793 1963 2013 2018 subjectum
2044 1964 2251 2018 infinitivi,

342 2040 448 2094 quod
483 2039 588 2079 idem
619 2038 671 2078 sit
700 2043 821 2091 atque
851 2038 963 2077 verbi
995 2038 1118 2090 finiti;
1145 2037 1264 2090 longe
1295 2038 1512 2091 saepissime
1542 2038 1687 2089 omitti,
1719 2042 1854 2077 tamen
1886 2051 1966 2078 non
1998 2044 2086 2092 post
2116 2039 2252 2079 omnia

342 2113 429 2156 haee
473 2113 613 2165 verba,'
655 2112 703 2153 de
739 2111 887 2166 quibus
923 2125 1032 2153 nunc
1068 2107 1240 2166 agimus,
1273 2125 1432 2153 neeesse
1464 2125 1547 2152 esse
1578 2111 1798 2165 subjectum
1827 2112 2028 2166 quoddam
2059 2113 2252 2155 infinitivi

341 2188 533 2230 omissum
562 2186 793 2228 existimare
823 2191 894 2227 aut
923 2200 1061 2227 omnes
1091 2180 1313 2228 infinitivos
1343 2186 1392 2227 ad
1424 2185 1661 2226 indicativos
1691 2185 1881 2227 orationis
1912 2191 2030 2227 rectae
2052 2201 2249 2230 revocare.
2292 2218 2305 2229 .

343 2263 452 2305 Nam
496 2264 540 2303 in
585 2261 733 2303 Latina
763 2275 922 2315 quoque
952 2262 1108 2315 lingua,
1145 2262 1215 2302 ubi
1254 2276 1410 2316 semper
1441 2261 1522 2301 fere
1544 2265 1555 2285 ¹
1591 2267 1679 2315 post
1709 2275 1803 2302 vera
1833 2262 1956 2301 verba
1986 2263 2181 2303 sentiendi
2211 2269 2252 2303 et

341 2336 497 2378 dioendi
517 2322 767 2376 aeeusativus
787 2334 856 2375 ille
876 2335 1043 2389 subjecti
1066 2349 1231 2376 munere
1251 2335 1424 2389 fungens
1445 2335 1674 2390 exponitur,
1697 2339 1785 2389 post
1806 2348 1853 2375 ea
1876 2335 2008 2387 verba,
2029 2349 2250 2395 quae'aoeu·

342 2411 470 2452 sativo
499 2424 591 2452 oum
622 2409 747 2451 futuri
768 2409 969 2450 infinitivo
990 2410 1113 2463 vulgo
1134 2415 1318 2462 utuntur,
1340 2424 1647 2464 nonnumquam
1668 2409 1776 2450 solus
1797 2410 2004 2464 praesentis
2025 2410 2253 2452 infinitivus

341 2484 526 2538 occurrit,
557 2488 603 2525 ut
633 2489 722 2539 post
745 2484 960 2536 polliceor:
992 2483 1093 2526 Oaes.
1127 2483 1174 2524 B.
1206 2483 1257 2524 G.
1290 2483 1367 2524 IV.
1402 2486 1469 2524 21.
1496 2487 1519 2524 5
1553 2485 1699 2535 Leqatz·
1730 2485 1904 2534 veniunt,
1934 2486 2004 2536 qui
2027 2485 2248 2535 pollicean-

343 2564 410 2601 tur
449 2559 603 2601 obsides
634 2560 733 2609 dare
764 2563 880 2610 atque
910 2560 1079 2611 imperio
1104 2560 1249 2611 populi
1278 2559 1453 2599 Romani
1484 2559 1757 2610 obtemperare
1788 2563 1828 2598 et
1858 2557 1933 2598 VI.
1970 2560 2007 2598 9.
2045 2560 2066 2598 7
2098 2562 2135 2599 si
2165 2573 2250 2599 am-

338 2634 448 2686 plius
493 2633 679 2689 obsidum
717 2633 843 2682 vellet,
887 2634 987 2673 dare
1022 2633 1281 2684 pollicentur.
1343 2632 1399 2674 Et
1444 2633 1478 2674 si
1524 2632 1733 2687 praesentis
1764 2631 1989 2673 infinitivus
2020 2632 2249 2685 verborum,

340 2706 431 2766 quae
476 2719 557 2748 non
602 2705 646 2747 in
692 2706 880 2762 praesenti
925 2706 1074 2747 habent
1104 2707 1230 2748 futuri
1262 2707 1451 2763 temporis
1481 2706 1828 2761 significationem,
1861 2706 1903 2747 in
1934 2706 2074 2760 lingua
2104 2705 2251 2749 Graeca

339 2787 429 2837 post
474 2781 560 2822 haee
603 2781 726 2821 verba
760 2794 965 2821 occurrere
995 2785 1136 2835 potest,
1167 2795 1248 2822 non
1278 2781 1445 2822 dubium
1476 2794 1559 2822 esse
1590 2781 1761 2834 videtur,
1793 2780 1891 2835 quin
1923 2780 2059 2821 aoristi
2089 2794 2250 2837 quoque

441 2915 455 2937 ¹
481 2916 707 2952 Rarissimam
733 2919 786 2950 est
811 2916 848 2949 id
872 2915 967 2960 quod
991 2915 1142 2950 oocurrit
1167 2914 1250 2950 Caes.
1277 2916 1317 2950 B.
1345 2915 1386 2949 G.
1412 2915 1456 2949 II.
1484 2913 1542 2950 32.
1570 2914 1592 2950 3
1619 2916 1672 2950 Re
1698 2915 1863 2949 nuntiata
1890 2915 1939 2949 ad
1963 2925 2058 2956 suos,
2085 2899 2164 2957 qiaae
2182 2917 2248 2950 im-

334 2978 561 3029 perarentur,
581 2976 706 3018 facere
733 2975 912 3010 dixerunt.
