2690 3597
400 205 483 285 528
529 213 535 217 ’

1276 255 1309 288 8.
1329 256 1361 289 J.
1384 250 1573 290 Cnvfflin:

426 353 462 412 ἦ
499 360 601 410 μὲν
617 355 690 397 τόν
717 355 910 411 πάντεσσι
941 355 1279 409 περικτιόνεσσιν
1292 351 1462 405 ἀνάξειν
1489 377 1559 409 ——,
1588 359 1648 397 Τ
1664 326 1769 398 129
1787 318 1931 409 ὤμοσε
1956 353 2163 413 καρτερό
2184 345 2186 347 ‚
2347 384 2404 432 ζμ

425 430 583 486 μήποτ’
611 455 669 461 —-
700 454 759 462 ·-
790 425 901 472 αὖτις
945 428 1193 477 ἐλεύσεσθαι
1226 429 1346 484 Ἄτην
1382 428 1409 484 ἢ
1440 430 1592 501 πάντας
1620 418 1758 473 ἀᾶται.
1820 418 1952 480 801113
1965 427 2093 489 futuri
2105 424 2387 479 infimum&

379 495 383 498 ⁵
425 508 475 549 de
505 521 563 560 eo,
593 506 665 562 qui
691 506 817 561 jurat,
850 506 1093 562 praedieatus
1123 506 1298 547 occurrit
1328 510 1365 546 A
1398 508 1451 547 77
1484 531 1543 537 —
1558 505 1649 547 καί
1674 521 1754 558 μοι
1784 501 1970 559 ὄμοσσον
2000 503 2127 560 ἦμέν
2146 522 2225 560 μοι
2244 492 2391 562 π’ῥό-’έ

379 629 382 632 ,
426 597 546 637 φρων
591 580 736 622 ἕπε-σιν
778 584 848 621 καὶ
886 584 1024 635 χερσὶν
1054 577 1235 633 ἀρήξειν,
1283 584 1327 620 Κ
1354 582 1438 622 323
1470 580 1659 632 ὄμοσσον
1689 577 1717 635 ἥ
1736 584 1829 633 μὲν
1860 606 1916 612 -
1946 579 2145 636 δωσέμεν,
2191 580 2238 626 Ξ
2263 582 2349 625 275
2384 600 2386 604 ’
2424 576 2459 624 1,

411 657 614 708 ,ὄμοσσον
644 653 804 696 αάατον
835 655 998 707 Στυγός
1019 655 1131 708 ὕδωρ
1151 660 1163 705 l
1185 680 1239 685 —
1257 652 1284 707 ἦ
1305 658 1386 705 μὲν
1405 680 1460 686 -
1476 656 1621 696 δώσειν
1639 681 1708 710 ——,
1747 660 1782 696 Y
1809 659 1892 698 315
1923 656 2077 702 πολέας
2104 654 2351 707 ὀμόσσαμεν
2383 658 2385 660 ’
2409 662 2437 715 f

427 732 576 785 ὅρκους
605 731 670 785 μή
703 755 757 761 -
789 727 1008 782 ἀλεξήσειν
1036 754 1107 772 —-.
1170 733 1210 770 Φ
1242 732 1327 771 374
1359 730 1436 771 τόδ’
1467 728 1659 783 ὀμοῦμαι
1690 731 1754 785 μή
1787 756 1840 762 -
1874 728 2097 785 ἀλεξήσειν.
2118 755 2178 762 —-—
2198 735 2244 772 X
2266 731 2350 773 120

424 830 486 836 —
513 805 795 858 κατακρύψειν
824 828 896 853 —,
943 803 966 842 δ
1000 806 1082 843 747
1130 801 1233 854 ἐμεῦ
1278 803 1312 843 δ’
1360 804 1474 844 ἕλετο
1509 805 1659 865 ,μέγαν
1689 805 1818 858 ὅρκον
1847 809 1859 857 l
1887 808 1952 858 μή
1982 812 2080 860 πρίν
2109 819 2173 845 σοι
2203 800 2348 859 ἐρέειν,
2403 809 2414 818 χ

427 896 447 921 ε
482 883 563 937 179
610 880 750 931 μέγαν
795 879 925 933 ὅρκον
962 876 1137 929 ὀμόσσαι
1169 881 1233 932 μή
1264 903 1322 909 —
1351 880 1635 931 βουλευσέμεν
1663 905 1732 932 -,
1782 882 2008 921 1873ἴστισ
2028 884 2100 921 νῦν
2130 880 2219 921 τόδε
2249 883 2350 931 γαῖα

425 959 496 995 καὶ
526 951 701 1007 οὐρανός
732 970 770 993 κ.
803 968 834 993 τ.
867 955 907 993 λ.
941 978 997 983 —-
1029 954 1092 1005 μή
1122 959 1163 992 τί
1189 968 1248 992 τοι
1280 951 1392 1008 αὐτῷ
1422 957 1547 1006 πῆμα
1577 954 1708 993 κακόν
1737 955 2013 1005 βουλευσέμεν
2044 953 2150 994 ἄλλο
2179 955 2266 1008 (11111
2287 968 2352 995 ac-

424 1030 633 1073 cusativus
665 1043 754 1071 eam
785 1029 835 1071 ob
866 1042 1030 1079 causam
1061 1027 1231 1069 omissus
1261 1033 1333 1081 est,
1365 1027 1472 1083 quod
1503 1028 1599 1069 ἴστω
1620 1043 1657 1071 κ.
1679 1043 1712 1070 τ.
1731 1029 1771 1070 λ.
1801 1029 1909 1072 idem
1938 1033 1998 1072 est
2027 1028 2135 1085 quod
2156 1027 2349 1084 ὄμνυμι),

424 1120 451 1146 κ
487 1108 571 1147 300
609 1105 905 1155 βουλευσέμεν,
938 1105 1022 1145 344
1054 1103 1343 1156 βουλευσέμεν,
1368 1118 1398 1147 ,ο
1430 1105 1514 1144 436
1546 1104 1588 1143 εἴ
1614 1118 1692 1155 μοι
1721 1101 1909 1145 ἐθέλοιτέ
1938 1118 1987 1157 γε
2019 1107 2161 1145 ναῦται
2192 1107 2204 1155 l
2234 1104 2351 1159 ὅρκῳ

425 1181 692 1232 πιστωθῆναι
723 1175 928 1232 ἀπήμονα
958 1178 1091 1218 οἴκαδ’
1123 1175 1303 1226 ἀνάξειν.
1336 1202 1388 1207 --
1424 1169 1808 1222 Commemorandus
1839 1183 2032 1235 praeterea
2061 1185 2121 1219 est
2150 1177 2350 1219 1001131110
2387 1230 2392 1234 Ι

428 1258 452 1296 Ι
480 1256 565 1297 455
614 1256 747 1309 πατὴρ
785 1253 820 1295 δ’
850 1249 952 1305 ἐμός
984 1278 1038 1285 —
1071 1280 1129 1285 -
1159 1255 1301 1295 πολλοὶ
1347 1255 1552 1307 κατηρᾶτο
1589 1253 1782 1308 στυγερᾶς
1813 1253 1848 1295 δ’
1877 1251 2107 1296 ἐπεκέκλετ’
2130 1249 2311 1309 Ἐριννῦς
2338 1256 2350 1305 l

423 1318 490 1383 μή
521 1344 619 1369 ποτε
651 1332 853 1381 γούνασιν
885 1326 993 1368 οἷσιν
1021 1325 1269 1380 ἐφέσσεσθαι
1300 1330 1426 1379 φίλον
1455 1328 1555 1378 υἱόν,
1582 1342 1662 1383 quo
1683 1329 1769 1370 loco
1788 1329 1999 1371 Bekkerus
2019 1330 2267 1375 infinitivum
2288 1330 2349 1371 fu·
2389 1327 2392 1329 ’
2435 1320 2437 1322 ’

425 1405 507 1446 turi
539 1405 589 1446 ad
622 1404 819 1456 στυγεροῖς
847 1401 1076 1444 ἐπεκέκλετ’
1102 1400 1285 1456 Ἐριννῦς
1314 1404 1568 1444 referendum
1598 1409 1745 1457 censet,
1778 1405 1945 1459 plurimi
1975 1406 2144 1446 editores
2174 1405 2225 1446 ad
2246 1419 2349 1445 κατ-
2382 1416 2392 1422 ‘

426 1472 563 1533 ηρᾶτο.
628 1478 752 1521 Haud
798 1479 892 1532 seio,
939 1492 994 1520 an
1040 1479 1268 1520 infinitivus
1313 1479 1364 1520 ad
1411 1483 1537 1522 totam
1568 1479 1809 1532 sententiam
1838 1479 2151 1534 antecedentem,
2183 1494 2274 1535 quae
2304 1480 2348 1521 in

415 1555 584 1611 jurandi
614 1555 858 1596 locutionem
888 1554 1063 1609 quodam
1095 1555 1211 1595 modo
1240 1555 1415 1608 transiit,
1448 1555 1597 1610 optime
1626 1555 1823 1596 referatur
1842 1558 1871 1595 ¹.

548 1629 597 1683 b)
618 1629 724 1670 Cum
755 1629 971 1670 infinitivis
988 1632 1205 1680 praesentis
1228 1634 1267 1669 et
1284 1630 1461 1679 perfecti
1484 1630 1652 1670 verbum
1674 1629 1837 1679 ὄμνυμι
1858 1630 2032 1670 occurrit
2051 1634 2074 1677 ξ
2096 1632 2179 1670 332
2204 1629 2346 1680 α’)’μοσε
2392 1650 2395 1654 -

424 1703 470 1746 δὲ
501 1702 603 1757 πρός
632 1702 704 1756 ἔμ’
735 1699 889 1744 αὐτόν.
913 1735 922 1744 .
948 1735 957 1744 .
985 1735 994 1744 .
1028 1709 1109 1756 νῆα
1140 1703 1410 1758 κατειρύσθαι
1442 1707 1510 1744 καὶ
1541 1700 1735 1758 ἐπαρτέας
1764 1702 1904 1755 ἔμμεν
1936 1703 2115 1758 ἑταίρους
2143 1709 2183 1746 et
2213 1720 2232 1745 1
2264 1706 2346 1747 289
2372 1692 2374 1695 ¹

424 1778 494 1819 ubi
539 1778 678 1819 eadem
725 1778 807 1819 fere
843 1778 1049 1831 leguntur.
1113 1778 1174 1819 De
1198 1780 1411 1829 proeterito
1443 1783 1617 1830 tempore
1648 1783 1737 1833 post
1761 1778 1927 1832 jurandi
1957 1778 2175 1819 locutiones
2206 1769 2350 1820 aoristi

423 1852 653 1894 infinitivus
685 1866 765 1894 non
797 1865 890 1894 raro
920 1857 1140 1908 usurpatur
1172 1858 1211 1894 et
1241 1852 1404 1907 quidem
1435 1852 1543 1908 apud
1574 1852 1801 1894 Homerum
1832 1852 1896 1894 his
1926 1852 2041 1894 locis:
2081 1854 2213 1911 T26i
2251 1853 2347 1894 ἴστω

425 1932 497 1971 νῦν
529 1930 629 1974 Ζεύς
656 1942 693 1969 κ.
726 1942 756 1968 z.
789 1929 826 1970 λ.
865 1929 928 1980 μή
964 1931 1044 1979 μὲν
1075 1924 1162 1979 ἐγώ
1195 1928 1325 1982 κου’ρῃ
1357 1912 1538 1981 Βρισηίὸι
1565 1927 1664 1982 χεῖρ’
1696 1925 1916 1977 ἐπενεῒκαι,
1947 1928 2017 1970 11111
2047 1926 2132 1981 ἐγώ
2161 1929 2348 1971 anacolu-

422 2005 531 2045 thiee
577 2004 621 2045 in
668 2003 918 2055 nominativo
957 2002 1144 2055 occurrit,
1178 2008 1390 2057 propterea
1419 2002 1526 2056 quod
1559 2003 1656 2042 ἴστω
1686 2017 1722 2042 κ.
1754 2017 1783 2043 r.
1814 2004 1852 2042 λ.
1886 2003 1991 2046 idem
2022 2007 2095 2056 est,
2127 2004 2234 2058 quod
2263 2002 2347 2054 ὄμε-

423 2094 535 2130 νυμι.
596 2077 713 2120 Solus
743 2077 972 2118 infinitivus
1002 2082 1223 2132 usurpatur
1256 2080 1279 2116 Ι
1311 2078 1392 2117 133
1426 2074 1493 2116 ἐπὶ
1523 2076 1565 2116 δὲ
1597 2083 1737 2128 μέγαν
1767 2073 1894 2131 ὅρκον
1923 2074 2113 2129 ὀμοῦμαι
2135 2081 2147 2129 l
2166 2078 2229 2130 μή
2250 2092 2347 2118 ποτε

423 2156 492 2206 τῆς
522 2150 640 2206 εὐνῆς
667 2148 928 2205 ἐπιβήμεναι
960 2148 1030 2204 ἠδὲ
1061 2154 1241 2204 μιγῆναι
1273 2171 1313 2185 =
1346 2154 1370 2191 Ι
1401 2153 1483 2192 275
1518 2172 1557 2185 --
1590 2155 1626 2190 T
1655 2152 1751 2204 176,
1783 2151 1852 2192 ubi
1883 2151 2021 2198 eadem
2051 2151 2133 2193 fere
2161 2157 2348 2207 repetun-

421 2232 504 2280 tur,
536 2226 685 2281 quibus
716 2226 764 2266 de
795 2225 892 2266 locis
924 2238 1053 2272 nemo,
1087 2225 1241 2280 opinor,
1273 2224 1321 2265 L.
1355 2224 1522 2279 Meyero
1553 2225 1793 2266 assentietur
1822 2223 1961 2266 aoristi
1992 2225 2213 2267 infinitivos
2248 2231 2347 2267 tem-

421 2316 499 2358 pus
526 2286 783 2357 praeteritum
814 2301 1043 2354 significare
1074 2301 1279 2342 statuenti.

544 2376 590 2430 (3)
619 2376 679 2416 De
699 2376 850 2426 fulmo
873 2381 1052 2430 tempore
1074 2378 1220 2417 aoristi
1240 2376 1467 2416 infinitivus
1489 2376 1663 2417 occurrit
1684 2378 1714 2426 β
1737 2378 1819 2417 373
1844 2374 1936 2417 ἀλλ’
1958 2376 2120 2427 ὄμοσον
2141 2393 2203 2430 μη
2226 2383 2346 2431 μητρὶ

419 2452 525 2507 φίλῃ
556 2450 647 2492 τάδε
679 2450 975 2504 ιιυθήσασθαι,
1001 2453 1013 2502 l
1042 2456 1140 2505 πρίν
1172 2450 1211 2503 γ’
1243 2447 1340 2491 ὅταν
1373 2466 1410 2492 κ.
1443 2467 1473 2492 τ.
1505 2452 1540 2491 λ.
1571 2456 1611 2491 et
1642 2450 1668 2490 δ
1699 2452 1782 2492 254
1815 2449 1966 2492 ωαοσα
1996 2455 2194 2506 καρτερόν
2223 2449 2348 2507 ὅρκον

421 2529 519 2579 Ῐμὴ
548 2528 632 2577 μὲν
660 2528 757 2578 πρὶν
782 2522 954 2576 Ὀδυσῆα
984 2525 1093 2575 μετοὶ
1130 2525 1305 2579 Τρώεσσ’
1338 2523 1547 2578 ἀναφῆναι
1580 2531 1676 2578 πρίν
1707 2541 1757 2577 γε
1788 2528 1854 2566 τόν
1884 2540 1922 2567 κ.
1955 2542 1985 2567 τ.
2019 2527 2055 2567 λ.
2100 2526 2179 2569 1110
2210 2533 2344 2570 tamen

420 2603 508 2645 loeo
539 2601 751 2642 Nauekius
782 2600 1066 2653 μυθήσασθαι
1097 2601 1141 2642 10
1173 2602 1451 2653 ,ιιυθήσεσθαι
1482 2601 1656 2641 mutavit
1686 2601 1997 2643 assentientibus
2029 2602 2248 2656 Madvigio‚
2271 2586 2363 2645 Co·-

421 2678 525 2733 beto,
566 2676 730 2718 Nabero
751 2676 780 2715 ².
832 2674 886 2715 Et
916 2688 1042 2730 quum
1074 2675 1247 2715 aoristus
1279 2674 1469 2716 facillime
1500 2675 1543 2716 in
1574 2674 1757 2716 futurum
1788 2675 1936 2717 mutari
1969 2675 2103 2732 possit,
2137 2676 2244 2720 haud
2266 2678 2346 2722 scio

420 2767 475 2793 an
506 2753 603 2793 satis
633 2765 765 2791 eausae
797 2751 861 2801 sit,
894 2763 967 2789 cur
998 2749 1227 2802 legitimum
1259 2750 1452 2789 infinitivi
1485 2754 1643 2804 tempus
1674 2750 1768 2789 111110
1799 2750 1883 2790 1000
1914 2751 2129 2792 Homerico
2160 2753 2346 2793 restitua-

525 2919 534 2937 ¹
565 2917 703 2962 capelle
730 2919 906 2952 Worterb.
924 2919 970 2951 ad
992 2916 1250 2965 καταράομαιε
1279 2920 1329 2952 Er
1347 2920 1482 2964 gelobte
1501 2923 1605 2952 unter
1623 2920 1735 2952 vielen
1754 2919 2097 2962 Verwi'mschungen,
2114 2919 2193 2952 dass
2212 2929 2249 2952 er
2265 2946 2271 2953 .
2288 2945 2296 2953 .
2312 2946 2319 2954 .
2335 2944 2343 2952 .

524 2977 537 2998 ²
566 2977 636 3011 cfr.
664 2978 783 3013 Madv.
810 2978 901 3013 Adv.
928 2977 1014 3012 crit.
1041 2979 1068 3011 I.
1096 2991 1130 3022 p.
1162 2976 1241 3013 170.
1294 2978 1414 3013 Cobet.
1442 2980 1464 3013 1.
1492 2980 1514 3012 l.
1542 2991 1576 3021 p.
1605 2976 1686 3012 329.
1739 2979 1855 3011 Naber
1881 2979 1903 3011 1.
1932 2979 1952 3010 l.
1981 2991 2014 3022 p.
2044 2975 2123 3011 102.
