2690 3597
397 455 403 457 „
454 395 537 435 287
571 392 741 448 ἐλπωρή
770 406 833 434 τοι
865 391 1006 432 ἔπειτα
1037 394 1181 433 κακῶν
1211 390 1412 440 ὑπάλυξιν
1441 389 1644 434 ἔσεσθαι.
1671 390 1828 434 Contra
1854 374 1971 434 801118
1980 387 2295 437 lnflmtlvuflj'‘

568 319 614 373 c)
642 317 741 361 Post
786 275 1088 359 substantivum
1134 299 1308 371 ἐλπωρή
1336 311 1591 359 aecusativus
1619 322 1715 361 311111
1735 313 1966 362 1116111911)
1957 316 2113 372 satim

451 467 483 519 β
515 467 601 508 280
638 466 808 529 ἐλπωρή
840 481 900 506 τοι
931 457 1072 506 ἔπειτα
1104 466 1339 518 τελευτῆσαι
1368 464 1464 505 ταδε
1491 462 1599 518 ἔργα
1628 469 1669 507 et
1697 479 1722 518 η
1754 466 1808 507 76
1840 464 2010 521 ἐλπωρή
2037 473 2101 507 τοι
2128 447 2295 507 insito?
2300 465 2304 469 ’

452 543 552 584 λους
581 542 611 583 τ’
644 542 767 583 ἰδέειν
797 546 867 582 καὶ
895 541 1065 582 ἱκέσθαι
1096 557 1135 583 κ.
1168 557 1200 581 τ.
1231 543 1269 581 λ.
1300 544 1341 581 et
1371 544 1394 587 ζ
1414 542 1512 593 314,
1544 541 1615 581 ubi
1645 541 1749 583 idem
1772 554 1912 584 versus
1931 542 2105 584 occurrit
2124 541 2193 585 3311
2206 522 2376 613 spui-ius
2404 536 2429 555 '⁷

449 617 722 661 existimatur
784 616 841 659 Et
886 617 919 659 si
967 621 1055 673 post
1101 616 1268 669 verbum
1300 615 1489 668 ἔλπομαι
1518 615 1658 658 aoristi
1688 615 1915 659 infinitivus
1944 616 1993 662 de
2021 602 2158 660 futuro
2187 608 2394 676 1131119311μ

452 698 594 749 potest,
636 693 765 734 multo
795 692 932 734 minus
962 689 1146 733 mirabile
1177 691 1338 733 videtur
1369 690 1444 732 hoc
1475 690 1562 731 fieri
1594 704 1707 747 posse
1737 696 1826 747 post
1856 692 2157 733 substantivum
2187 690 2372 746 ἐλπωρή
2362 722 2373 745 ,
2401 701 2422 738 χ
2460 723 2492 748 4

451 781 702 822 quamquam
733 768 839 808 enim
875 768 949 808 hoc
979 767 1280 811 substantivum
1310 766 1448 807 audito
1478 766 1602 807 verbo
1627 766 1712 806 ἐστί
1727 767 1778 807 ad
1799 767 1884 807 vim
1904 767 2016 807 verbi
2038 767 2225 821 sperandi
2243 772 2375 808 trans·

451 842 512 896 iit,
545 848 679 884 tamen
712 842 906 883 infinitivi
936 841 997 883 illi
1028 842 1078 883 ad
1110 840 1240 883 solum
1271 840 1573 882 substantivum
1604 841 1741 883 eodem
1770 840 1851 883 fere
1882 841 2009 894 modo,
2040 855 2121 896 quo
2150 841 2194 882 in
2224 840 2374 882 Latina

453 916 596 969 lingua
644 916 888 969 gerundium
935 915 1106 970 genitivi
1152 919 1385 969 usurpatur,
1433 914 1553 954 relati
1582 914 1633 954 ad
1663 914 1998 968 significationem
2029 908 2375 956 substantivorum

451 991 617 1045 propius
647 990 858 1031 accessisse
889 989 1149 1031 existimandi
1180 987 1276 1030 sunt
1297 992 1324 1029 ¹.
2394 1044 2397 1049 Α

574 1062 625 1118 d)
656 1063 697 1104 A
729 1064 864 1105 verbis
895 1063 1083 1119 sperandi
1114 1077 1195 1104 non
1227 1062 1345 1116 longe
1376 1063 1525 1103 absunt
1541 1062 1679 1103 ‘verba
1700 1063 1973 1115 exspectandi,
1994 1076 2016 1103 3
2035 1062 2182 1117 quibus
2199 1063 2377 1115 δέχομαι

450 1152 544 1180 cum
589 1138 719 1179 futuri
764 1138 966 1179 infinitivo
1001 1138 1065 1179 his
1095 1138 1190 1180 locis
1220 1138 1478 1193 conjunctum
1508 1142 1567 1178 est
1597 1153 1611 1177 ι
1645 1139 1730 1178 514
1761 1136 1848 1177 αἰεί
1873 1150 1961 1177 τινα
1990 1140 2107 1189 φῶτα
2137 1137 2274 1189 μέγαν
2303 1140 2372 1177 καὶ

449 1215 582 1254 καλόν
612 1213 790 1266 ἐδέγμην
807 1218 818 1264 l
835 1212 982 1254 ἐνθάδ’
1014 1212 1268 1265 ἐλεύσεσθαι,
1299 1228 1333 1263 μ
1353 1214 1439 1254 230
1471 1211 1600 1253 ἔνθεν
1631 1214 1713 1265 γάρ
1743 1227 1821 1263 μιν
1850 1211 2029 1264 ἐδέγμην
2058 1214 2196 1266 πρῶτα
2227 1215 2373 1263 φανεῖ-

449 1289 570 1330 σθαι.
587 1313 644 1319 -
663 1289 756 1330 Η113
786 1288 909 1330 etiam
940 1287 1080 1329 referri
1111 1293 1239 1342 potest
1271 1287 1440 1328 verbum
1472 1286 1608 1341 δείδω,
1641 1287 1748 1341 quod
1781 1300 1874 1327 cum
1903 1286 2031 1327 futuri
2061 1285 2262 1328 infinitivo
2281 1299 2374 1328 339-

443 1363 635 1418 jungitur
666 1357 711 1406 Ξ
739 1350 962 1415 343Ὕμήτε
994 1362 1111 1402 θεῶν
1133 1362 1176 1401 τό
1196 1376 1244 1413 γε
1267 1361 1420 1402 δείδιθι
1451 1362 1555 1414 μήτε
1586 1359 1659 1401 τιν’
1691 1359 1861 1415 α’νδρῶν
1890 1364 1902 1411 l
1931 1359 2119 1414 ὄψεσθαι
2149 1365 2189 1401 et
2220 1365 2375 1401 mutata

450 1438 748 1480 constructione
779 1452 808 1489 χ
840 1438 908 1490 39,
944 1438 1000 1477 40
1033 1436 1124 1477 οὔτε
1156 1437 1285 1481 θεοὺς
1315 1436 1517 1481 δείσαντες
1548 1468 1557 1476 .
1590 1468 1597 1476 .
1628 1468 1637 1476 .
1674 1470 1680 1477 .
1712 1434 1802 1476 οὔτε
1832 1435 1902 1475 τιν’
1933 1433 2174 1489 ἀνθρώπων
2206 1435 2374 1486 νέμεσιν

450 1514 711 1553 κατόπισθεν
741 1510 924 1552 ἔσεσθαι.
1941 1506 1944 1508 “

568 1586 611 1632 2.
674 1589 721 1641 a)
752 1586 866 1627 Inter
896 1586 1157 1641 promittendi
1190 1587 1324 1640 verba,
1357 1586 1407 1627 ad
1438 1599 1529 1640 quae
1561 1599 1668 1626 nunc
1699 1586 2032 1640 transgredimur,
2063 1586 2239 1641 primum
2267 1599 2373 1627 eom-

452 1662 713 1705 memoranda
743 1667 839 1702 sunt
871 1659 1165 1714 ὑπίσχομαι,
1195 1659 1476 1713 ὑφίσταμαι
1507 1659 1759 1715 (ὑπέστην),
1789 1661 2050 1702 κατανεύω.

566 1736 614 1791 α)
647 1735 705 1776 Iis
754 1735 863 1787 locis,
910 1733 981 1775 irbi
1026 1735 1076 1776 ad
1124 1735 1210 1776 haee
1240 1736 1364 1776 verba
1393 1735 1553 1776 nullum
1584 1735 1882 1776 substantivum
1912 1735 2055 1790 objecti
2085 1735 2170 1777 1333
2200 1736 2373 1791 positum

452 1814 525 1863 est,
574 1809 731 1864 semper
767 1809 849 1850 fere
880 1809 1054 1850 occurrit
1084 1808 1312 1849 infinitivus
1342 1808 1470 1850 futuri
1500 1815 1571 1849 aut
1601 1808 1829 1849 infinitivus
1859 1809 2064 1863 ejusmodi,
2096 1809 2167 1863 qui
2197 1814 2286 1864 post
2315 1809 2374 1850 di-

451 1884 568 1926 cendi
617 1889 656 1925 et
699 1885 898 1926 sentiendi
930 1885 1053 1925 verba
1084 1884 1210 1925 futuri
1241 1885 1370 1926 utitur
1402 1885 1705 1939 significatione.
1768 1884 1864 1926 Post
1894 1883 2172 1937 ὑπίσχομαι
2201 1884 2375 1926 occurrit

449 1958 705 2000 accusativus
735 1971 828 1999 eum
859 1957 1061 2000 infinitivo
1092 1959 1127 1998 θ
1160 1959 1244 2000 348
1277 1958 1361 2010 ἐγώ
1392 1959 1435 1999 δὲ
1465 1974 1527 2000 τοι
1559 1956 1682 1999 αὐτόν
1711 1957 1943 2012 ὑπίσχομαι
1974 1982 2033 1988 -
2061 1982 2121 1989 -
2150 1963 2276 1998 τίσειν
2305 1958 2373 1998 αἴ-

451 2047 555 2084 σιμα
586 2034 730 2074 πάντα.
776 2033 892 2075 Solus
923 2034 1163 2087 infinitivus,
1196 2035 1267 2088 qui
1298 2040 1386 2089 post
1417 2035 1503 2075 haeo
1534 2035 1656 2075 verba
1684 2039 1756 2074 aut
1785 2034 1833 2075 de
1863 2034 2037 2087 subjecto
2067 2034 2180 2074 verbi
2209 2033 2374 2088 promit-

555 2181 566 2200 ¹
597 2180 728 2213 Eodem
754 2182 855 2213 modo
882 2182 1077 2215 infinitivus
1104 2184 1149 2216 ad
1175 2184 1396 2216 substantiva
1421 2185 1572 2217 refertur
1600 2185 1640 2216 N
1661 2181 1708 2216 98
1734 2185 1798 2215 νῦν
1822 2180 1870 2227 δὴ
1885 2176 2031 2215 εἴδεται
2049 2176 2149 2227 ἦμαρ
2166 2177 2249 2216 ὑπὸ
2270 2177 2374 2227 Τρώ-

449 2250 538 2275 εσσι
577 2236 745 2285 δαμῆναι
785 2240 1011 2284 (quamquam
1036 2239 1099 2274 hoc
1126 2241 1199 2274 loeo
1225 2241 1396 2275 Hentzius
1423 2241 1548 2275 statuit
1574 2240 1618 2274 ad
1643 2237 1809 2287 δαμῆναι
1837 2239 2056 2284 cogitandum
2082 2250 2155 2272 3333
2181 2239 2374 2283 subjectum

450 2293 566 2344 ἡμᾶς)
595 2296 628 2332 Ο
655 2295 728 2331 720
752 2299 819 2333 νῦν
844 2294 934 2344 ἥμιν
958 2294 1115 2340 πάντως
1138 2295 1235 2340 Ζεὺς
1261 2295 1368 2343 ἄξιον
1393 2295 1492 2346 ἦμαρ
1518 2293 1656 2333 ἔδωκεν
1680 2297 1692 2343 l
1716 2299 1808 2344 νῆας
1833 2293 1942 2340 ἑλεῖν,
1972 2299 2004 2331 Y
2024 2296 2096 2332 349
2122 2293 2171 2332 οὗ
2194 2293 2230 2333 οἳ
2249 2295 2374 2342 θυμὸς

449 2351 540 2400 ἐμεῦ
556 2365 615 2390 ετι
634 2354 873 2402 πειρηθῆναι
890 2348 1087 2401 [ἔσσεται.
1114 2356 1240 2390 Confer
1258 2357 1366 2389 verba
1384 2359 1567 2401 Herzoqii,
1586 2367 1663 2401 quae
1682 2356 1878 2389 Hentzius
1869 2367 1906 2389 m
1919 2355 2009 2388 Anh.
2025 2355 2069 2388 ad
2082 2355 2122 2388 K
2139 2353 2206 2389 173
2224 2356 2286 2390 νῦν
2302 2352 2374 2401 γὰρ

448 2409 499 2460 δὴ
524 2410 713 2448 πάντεσσι
737 2409 806 2447 ἐπὶ
832 2411 941 2458 ἕυροῧ
966 2410 1125 2449 ἵσταται
1151 2410 1272 2462 ἀκμῆς
1295 2410 1344 2461 l’
1332 2411 1354 2462 ἡ
1379 2412 1484 2460 μάλα
1509 2413 1641 2461 λυγρὸς
1665 2409 1828 2465 ὄλεθρος
1844 2408 2018 2457 Ἀχαιοῖς
2042 2409 2085 2460 ἦε
2108 2413 2244 2457 βιῶναι
2270 2413 2373 2446 affere

450 2483 494 2504 ex
532 2470 652 2503 Jahrb.
693 2470 716 2504 f.
755 2470 878 2503 Philol.
922 2467 1016 2504 1873
1055 2483 1088 2515 p.
1124 2470 1178 2504 17:
1219 2472 1287 2505 Ein
1319 2485 1356 2506 so
1383 2472 1602 2506 entschieden
1628 2473 1860 2506 nominativer
1886 2472 2069 2506 Gebrauch
2094 2473 2176 2505 aber
2202 2483 2296 2505 muss
2322 2473 2374 2506 als

449 2530 701 2574 Wendepunkt
739 2530 934 2562 anerkannt
972 2531 1110 2563 werden
1147 2531 1183 2563 in
1222 2533 1283 2564 der
1320 2532 1428 2570 Rolle,
1468 2532 1594 2564 welche
1626 2531 1687 2563 der
1712 2531 1870 2564 Infinitiv
1895 2531 2008 2575 spielt.
2059 2531 2238 2563 Nunmehr
2263 2531 2310 2563 ist
2335 2542 2373 2563 er

449 2588 593 2633 geignet
620 2587 672 2620 als
698 2587 754 2620 ein
780 2587 1007 2621 Abstractum
1033 2599 1077 2622 zu
1102 2589 1313 2631 erseheinen,
1341 2592 1407 2625 das
1433 2601 1533 2626 zwar
1558 2590 1795 2624 indeclinabel
1822 2590 1869 2624 ist
1894 2590 1978 2624 aber
1999 2589 2038 2623 in
2049 2590 2151 2632 jeder
2168 2590 2373 2625 nominalen

450 2648 663 2689 Beaeiehuny
686 2646 879 2690 yebraucht
903 2649 1044 2682 werden
1070 2650 1179 2683 kann.

553 2704 567 2723 ²
595 2704 727 2737 Contra
753 2705 858 2738 verba
882 2703 983 2748 μένω
1008 2709 1043 2739 et
1069 2702 1246 2750 ὑπομένω
1271 2708 1308 2740 in
1334 2707 1452 2740 3311391
1479 2707 1549 2740 fere
1575 2706 1825 2750 significatione
1852 2717 1928 2738 eum
1953 2706 2076 2739 aoristi
2102 2706 2373 2740 infinitivorcon-

445 2766 659 2808 junguntur.
686 2763 781 2807 quod
806 2763 883 2808 ipsa
909 2763 1013 2798 finem
1039 2765 1094 2798 vel
1119 2765 1340 2810 propositum
1365 2764 1534 2804 indicant,
1561 2764 1612 2798 ita
1641 2768 1680 2798 ut
1706 2764 1903 2798 infinitivus
1929 2764 2183 2797 consecutivam
2211 2764 2281 2797 vim
2313 2764 2372 2797 ha.-

451 2823 532 2856 beat
549 2822 587 2856 A
607 2819 677 2854 247
705 2815 728 2868 ἦ
751 2819 885 2865 μένετε
915 2822 1046 2867 Τρῶας
1071 2819 1202 2867 σχεδὸν
1226 2819 1402 2867 ἐλθέμεν,
1429 2821 1463 2857 Ο
1480 2821 1553 2858 600
1579 2819 1624 2857 τὸ
1650 2819 1722 2869 γὰρ
1745 2819 1832 2867 μένε
1850 2818 2013 2869 μητίετα
2030 2818 2153 2867 Ζεύς]
2168 2817 2253 2870 νηὸς
2269 2832 2374 2857 καιο-

446 2878 564 2928 μένης
600 2878 716 2922 σέλας
752 2874 1024 2926 ὀφθαλμοῖσιν
1047 2876 1221 2922 ἐδέσθαι,
1259 2892 1283 2914 α
1309 2879 1380 2914 411
1409 2877 1486 2916 οὐδ’
1511 2876 1717 2924 ὑπέμεινεν
1741 2878 1937 2925 γνώμεναι,
1963 2891 1989 2914 α
2015 2877 2087 2913 422
2111 2877 2222 2923 μένον
2246 2877 2279 2914 δ’
2303 2874 2373 2914 ἐπὶ
2406 2917 2409 2919 ,
2462 2901 2468 2907 ,

446 2933 615 2986 ἑσπέραν
640 2934 774 2974 ἐλθεῖν
798 2955 834 2966 -
861 2936 883 2973 ὁ
910 2935 981 2972 786
1011 2954 1050 2968 =
1075 2948 1099 2973 σ
1126 2935 1208 2972 305.
1262 2937 1284 2985 ζ
1306 2937 1354 2973 98
1380 2937 1522 2984 εἵματα
1547 2936 1580 2973 δ’
1607 2931 1753 2985 ἠελίοιο
1776 2934 1889 2983 μένον
1911 2935 2136 2986 τερσήμεναι
2162 2932 2273 2986 αὐγῇ.
