2690 3597
610 229 620 250 ¹⁷
636 266 640 269 -
658 225 664 231 ·
687 290 693 294 ἡ
728 222 1128 280 “Mr.'1ufi‘flomer1mo
1147 253 1227 277 num
1247 245 1396 275 futurum
1416 245 1549 283 tompus
1572 243 1751 283 significet.

325 326 484 397 haimo
503 336 822 402 perterritosque
864 342 1046 398 opinatos
1081 334 1165 390 esse
1200 340 1406 382 Achillem
1440 355 1533 383 cum
1562 342 1645 383 suis
1675 342 1718 383 in
1748 344 1921 397 gratiam
1952 350 2074 401 atque
2105 360 2242 390 recon-

315 401 577 464 ⁸minationem
605 417 766 461 redisse.
828 417 934 459 Loco
958 416 1035 458 illo
1064 419 1098 456 0
1128 417 1211 457 289
1243 412 1270 468 ἦ
1302 416 1391 468 θήν
1419 432 1497 467 μιν
1526 417 1649 467 μα’λα
1677 416 1826 458 ἔλπετο
1859 419 2003 470 θυμός
2032 422 2203 463 ἑκάστου
2234 430 2246 474 l

277 516 280 519 ·
327 492 564 550 χερσῖν-ὕπ’
594 493 764 536 Αἴαντος
794 492 963 534 θανέειν
996 490 1339 544 Τελαμωνιάδαο.
1402 490 1633 547 Madvigius
1656 495 1668 517 ¹
1707 494 1900 537 aoristum
1936 496 1985 538 de
2015 497 2150 541 futuro
2182 500 2244 541 in-

270 592 273 596 ›
300 589 304 592 ·
332 574 588 626 terpretatur.
636 569 771 620 Quum
801 575 936 610 tamen
966 567 1169 609 difficilius
1199 568 1251 609 sit
1282 567 1325 608 in
1354 569 1663 622 constructione,
1684 583 1776 623 quae
1799 578 1858 611 est
1878 575 2128 616 accusativus
2149 589 2242 616 cum

331 646 545 699 infinitivo,
575 645 646 687 ubi
676 645 727 686 ad
757 649 911 686 certum
940 643 1150 685 indicativi
1180 647 1337 698 tempus
1367 642 1591 684 infinitivus
1623 644 1818 685 referatur
1849 660 2006 688 necesse
2028 649 2092 702 sit,
2115 649 2242 692 futuri

333 710 665 775 significationem
709 720 855 761 aoristo
878 714 1089 780 tribuere,
1135 718 1202 759 hic
1245 717 1354 758 locus
1390 718 1447 758 ita
1478 718 1805 773 interpretandus
1834 720 2010 763 videtur:
2058 725 2243 766 credebat

331 795 617 849 unusquisque
637 808 728 835 eum
757 794 809 834 ab
839 793 963 846 Ajace
993 791 1247 833 interfectum
1277 806 1375 840 esse,
1421 806 1512 846 quae
1545 793 1820 846 interpretatio
1850 809 1931 836 non
1961 797 2096 851 inepta
2132 801 2241 841 vide-

331 867 454 919 bitur,
486 868 520 908 si
549 866 888 909 considerabimus
917 865 963 910 Ξ
978 867 1212 907 402—449
1247 866 1404 907 narrari
1425 865 1652 921 Hectorem,
1674 882 1801 923 quum
1821 869 1865 910 in
1888 884 2026 925 pugna
2045 873 2097 913 ab
2118 873 2242 928 Ajace

330 942 461 996 lapide
505 942 607 982 ictus
651 947 764 993 esset,
812 940 1093 998 semianimum
1132 954 1153 981 e
1184 940 1333 994 proelio
1362 941 1412 980 ad
1444 941 1583 981 urbem
1614 955 1753 982 versus
1783 943 1947 984 ductum
1979 959 2075 999 esse,
2108 948 2165 988 ita
2196 953 2241 988 ut

326 1015 445 1057 facile
474 1016 667 1071 suspicari
698 1020 857 1070 possent
887 1013 1023 1055 Graeci
1051 1027 1143 1055 eum
1175 1020 1344 1056 mortem
1374 1014 1515 1055 obisse.

449 1091 486 1144 ε)
506 1089 567 1130 De
596 1094 774 1144 tempore
794 1088 943 1138 futuro
974 1087 1081 1128 solus
1109 1088 1246 1129 aoristi
1278 1088 1504 1129 infinitivus
1533 1089 1706 1130 occurrit
1736 1093 1789 1130 M
1814 1092 1899 1132 407
1932 1092 2022 1133 ἐπεί
2038 1095 2077 1135 οἳ
2102 1095 2242 1148 θυμός

330 1164 494 1206 ἐέλπετο
523 1165 644 1205 κῦδος
673 1160 864 1216 ἀρέσθαι,
893 1164 962 1204 ubi
993 1168 1128 1203 tamen
1159 1163 1368 1204 Nauckius
1397 1163 1541 1203 ἔλπετο
1571 1164 1616 1204 in
1643 1163 1782 1205 ἔλδετο
1803 1168 1989 1221 mutavit,
2012 1183 2103 1224 quae
2126 1170 2242 1212 lectio

331 1223 426 1283 non*
450 1239 559 1282 omni
590 1239 785 1282 librorum
816 1238 892 1280 fide
921 1243 1042 1292 caret,
1074 1243 1114 1281 et
1145 1253 1171 1290 γ
1203 1240 1287 1280 320
1318 1238 1421 1279 ὅθεν
1458 1235 1532 1279 οὐκ
1561 1237 1728 1281 ἔλποιτό
1758 1255 1806 1292 γε
1837 1243 1972 1296 θυμῷ
2002 1248 2013 1294 l
2043 1243 2240 1300 ἐλθέμεν,

328 1328 409 1370 quo
439 1315 535 1367 loco,
568 1315 601 1355 si
632 1314 863 1354 Nauckium
894 1313 1099 1368 sequimur
1131 1327 1168 1354 V.
1203 1314 1286 1354 319
1319 1327 1366 1365 γε
1397 1313 1440 1353 in
1471 1327 1516 1353 κε
1547 1319 1784 1369 mutantem,
1807 1316 1974 1358 forsitan
1995 1319 2237 1373 particulam

330 1405 376 1430 κε
405 1390 527 1431 etiam
557 1391 607 1431 ad
637 1389 884 1430 infinitivum
916 1389 1062 1430 referre
1094 1389 1301 1443 possimus.
1347 1388 1482 1438 Quum
1513 1404 1606 1430 vero
1638 1393 1688 1430 M
1716 1393 1815 1444 407,
1848 1406 2094 1447 quamquam
2124 1394 2240 1437 lectio

327 1465 464 1508 ἔλδετο
485 1468 497 1489 ¹
531 1466 626 1506 ferri
658 1470 785 1519 potest
814 1469 935 1518 atque
965 1464 1062 1504 satis
1094 1464 1340 1517 probabilem
1371 1464 1500 1505 reddit
1530 1465 1781 1518 sententiam,
1814 1472 1949 1506 tamen
1980 1468 2030 1508 ad
2053 1468 2129 1509 loci
2153 1484 2240 1510 sen-

329 1542 495 1584 tentiam
541 1541 670 1596 aptior
715 1540 898 1581 videatur
937 1538 1124 1594 sperandi
1154 1537 1335 1593 (ἔλπετο)
1364 1553 1487 1594 quam
1517 1540 1681 1594 optandi
1713 1538 1881 1594 (ἔλδετο)
1914 1542 2152 1595 significatio
2182 1569 2240 1575 —

328 1630 423 1657 nam
469 1621 623 1670 optasse
668 1615 833 1669 Ajacem
879 1614 1049 1668 gloriam
1095 1627 1237 1669 parare
1279 1614 1376 1656 adeo
1406 1615 1660 1670 perspicuum
1692 1621 1763 1668 est,
1797 1621 1841 1656 ut
1873 1617 1941 1657 vix
1972 1617 2051 1658 dici
2082 1632 2240 1660 necesse

326 1689 447 1732 fuerit
480 1715 531 1719 —
565 1695 604 1730 et
634 1687 831 1744 particula
864 1703 907 1728 κε
938 1688 1045 1743 apud
1076 1688 1299 1729 Homerum
1330 1689 1381 1730 ad
1412 1688 1661 1730 infinitivum
1691 1690 1894 1731 rarissime
1925 1691 2133 1745 referatur,
2158 1707 2239 1734 non

284 1774 292 1781 “
327 1765 517 1806 auda-cius
538 1765 697 1805 videtur
728 1769 901 1805 statuere
930 1763 1178 1803 infinitivum
1209 1763 1273 1803 his
1304 1763 1411 1816 locis,
1444 1764 1513 1804 ubi
1544 1764 1726 1804 futurum
1757 1748 1899 1819 respici
1930 1766 2026 1806 satis
2056 1773 2237 1821 apparet,

327 1840 480 1895 abjecta
525 1840 714 1894 temporis
754 1838 1044 1893 significatione
1075 1838 1125 1879 ad
1156 1838 1241 1879 vim
1272 1839 1515 1880 substantivi
1547 1840 1711 1895 propius
1740 1841 1960 1881 accessisse.
2000 1867 2050 1872 —
2085 1845 2123 1882 Γ
2154 1845 2234 1884 112

327 1914 551 1966 ἐλπόμενοι
598 1915 841 1955 παύσασθαι
887 1911 1048 1969 ὄιζυροῦ
1092 1914 1297 1966 πολέμοιο
1344 1914 1482 1956 aoristi
1513 1914 1738 1956 infinitivus
1769 1915 2011 1969 optimorum
2042 1916 2237 1958 librorum

325 1990 561 2031 auctoritate
605 1990 801 2029 firmatur.
861 1988 950 2038 Quo
995 1989 1079 2029 loco
1124 1989 1285 2029 difficile
1329 2003 1412 2031 esse
1447 1994 1575 2044 potest
1610 1989 1840 2043 dijudicare,
1877 1994 2013 2030 utrum
2044 1991 2239 2032 aoristum

325 2064 635 2120 interpretemur
672 2064 721 2105 de
752 2064 976 2119 praeterito:
1025 2069 1238 2116 sperantes
1268 2079 1309 2106 se
1341 2065 1482 2105 bellum
1514 2066 1718 2105 molestum
1747 2067 1802 2105 ad
1822 2066 1951 2115 finem
1976 2069 2239 2117 perduxisse,-

326 2153 421 2181 nam
466 2139 617 2180 bellum
661 2138 712 2179 ad
750 2137 872 2179 finem
903 2138 1140 2193 perductum
1169 2152 1253 2181 esse
1284 2139 1362 2180 dici
1393 2143 1560 2194 poterat,
1592 2153 1685 2180 cum
1710 2139 1795 2194 jam
1826 2139 2089 2181 constitutum
2120 2146 2236 2195 esset,

279 2241 285 2244 -
324 2220 371 2256 ut
400 2214 610 2255 Menelaus
639 2219 678 2254 et
709 2213 942 2254 Alexander
973 2227 1111 2267 pugna
1141 2214 1341 2267 singulari
1372 2219 1583 2266 certarent,
1616 2228 1670 2254 an
1700 2215 1837 2255 aoristi
1858 2215 2107 2255 infinitivum
2128 2216 2237 2256 futu-

324 2303 416 2331 rum
447 2294 602 2344 tempus
634 2287 859 2342 significare
890 2291 1125 2343 statuamus,
1157 2302 1211 2329 an
1242 2288 1481 2329 παύσασθαι
1513 2289 1556 2329 in
1587 2289 1820 2329 παύσεσθαι
1843 2285 2076 2330 mutemus(
2104 2306 2133 2341 ‹p
2153 2292 2235 2331 158

324 2367 398 2404 νῦν
427 2364 506 2413 μέν
536 2378 595 2408 τις
623 2367 692 2403 καὶ
722 2361 852 2402 ἔλπετ’
884 2361 943 2402 ἐνὶ
974 2367 1114 2415 φρεσὶν
1137 2359 1211 2415 ἠδὲ
1241 2365 1418 2416 μενοινᾷ
1448 2367 1460 2414 l
1490 2365 1626 2416 γῆμαι
1657 2363 1945 2415 Πηνελόπειαν
1976 2369 2142 2419 apparet
2172 2377 2239 2405 ao-

324 2438 465 2480 ristum
499 2440 635 2491 γῆμαι
667 2437 798 2493 potius
829 2437 967 2479 referri
997 2438 1048 2478 ad
1079 2441 1267 2492 μενοινᾷ,
1298 2439 1404 2492 quod
1434 2439 1604 2479 verbum
1635 2452 1733 2493 cum,
1749 2439 1885 2480 aoristi
1907 2438 2109 2480 infinitivo
2131 2452 2236 2493 saepe

322 2513 511 2568 conjungi
543 2513 639 2554 satis
669 2518 728 2555 cst
759 2517 911 2554 notum.

424 2663 435 2682 ¹
464 2662 553 2697 Adv.
580 2661 666 2695 crit.
692 2661 709 2693 I
733 2674 768 2705 p.
799 2659 878 2693 179.

422 2730 435 2749 ²
463 2723 622 2774 ἔλδομαι
649 2741 725 2762 cum
751 2740 822 2762 aor.
848 2728 909 2762 inf.
935 2729 1088 2762 occurrit
1113 2740 1130 2762 ε
1158 2727 1228 2762 219
1254 2726 1381 2763 ἐθέλω
1407 2727 1472 2764 καὶ
1500 2725 1678 2773 ἐέλδομαι
1706 2726 1832 2777 ἤματα
1860 2728 1989 2763 πάντα
2015 2728 2027 2775 l
2052 2724 2182 2763 οἴκαδέ
2200 2728 2234 2763 τ’

320 2785 524 2833 ἐλθέμεναι
563 2785 627 2822 καὶ
667 2784 844 2831 νόστιμον
874 2782 974 2834 ἦμαρ
1004 2783 1174 2822 ἴδεσθαι.
1226 2786 1248 2820 δ
1277 2785 1345 2819 162
1376 2783 1526 2821 ἐέλδετο
1552 2785 1622 2833 γάρ
1649 2800 1692 2822 σε
1718 2784 1890 2822 ἰδέσθαι.
1941 2799 1962 2820 ο
1989 2786 2035 2820 66
2065 2780 2134 2833 ἤδη
2159 2785 2233 2833 γάρ

319 2858 385 2890 μοι
424 2846 548 2890 θυμὸς
572 2841 742 2880 ἐέλδεται
775 2840 896 2879 οἴκαδ’
923 2840 1095 2880 ἱκέσθαι.
1146 2855 1170 2878 σ
1195 2844 1264 2878 154
1290 2843 1414 2889 θυμός
1438 2856 1504 2888 μοι
1532 2842 1718 2890 ἐέλδεται,
1743 2842 1788 2880 οὔ
1813 2856 1851 2879 τι
1879 2842 2002 2890 πάρος
2027 2855 2081 2889 γε,
2108 2843 2121 2889 Ι
2144 2856 2235 2892 μνη-

320 2902 495 2951 στήρεσσι
522 2907 697 2950 φανῆναι.
747 2901 858 2944 κῦδος
881 2899 1045 2948 ἀρέσθαι
1073 2907 1242 2948 praeterea
1268 2903 1420 2936 occurrit
1446 2906 1526 2946 post
1553 2903 1699 2949 φρονέω
1724 2902 1853 2945 Ρ287,
1880 2907 1960 2946 post
1978 2902 2084 2945 ἵεμαι
2107 2901 2233 2943 Y502,

320 2963 400 3006 post
422 2957 608 3005 μενεαίνω
634 2962 670 2995 Φ
696 2957 777 2996 543.
