2690 3597
783 300 860 330 Aor.
883 300 940 330 inf.
961 299 1155 330 Homericus
1176 309 1254 329 num
1277 300 1423 329 futurum
1444 303 1575 338 tempus
1598 298 1774 338 significet.
2233 286 2254 324 7

346 412 469 455 posse.
517 398 758 440 Gnomieum
791 402 926 439 autem
956 398 1085 450 illum,
1117 398 1188 452 qui
1220 402 1397 451 vocatur,
1429 398 1624 438 aoristum
1645 412 1725 438 non
1749 398 1863 439 facile
1885 399 2056 439 transire
2078 413 2190 453 posse
2211 400 2254 440 in

347 473 596 514 infinitivum
626 487 677 514 ex
708 473 795 528 ipsa
825 487 868 514 re
899 474 994 514 satis
1024 478 1190 528 apparet
1212 476 1240 514 ¹.

463 547 552 588 Hoc
597 547 681 588 loeo
726 561 806 588 non
843 548 1018 588 alienum
1051 548 1163 589 nobis
1194 548 1324 588 visum
1355 554 1426 596 est,
1458 561 1537 601 quo
1567 547 1716 587 clarius
1746 554 1936 601 appareat
1966 548 2074 601 apud
2104 548 2254 589 Home-

345 634 437 661 rum
467 633 624 674 quoque
654 624 700 660 ut
728 620 777 660 de
809 621 926 661 rebus
955 620 1101 661 futuris
1132 620 1271 672 futuri,
1305 621 1361 660 ita
1391 621 1438 661 de
1470 621 1587 661 rebus
1610 620 1823 674 praeteritis
1844 621 1981 661 aoristi
2003 621 2253 662 infinitivum

345 694 544 749 usurpari,
576 708 712 735 omnes
742 708 805 735 eos
837 693 940 735 locos
971 693 1206 735 Homericos
1237 694 1279 734 in
1312 707 1438 734 unum
1468 693 1659 745 conferre,
1692 694 1762 734 ubi
1794 699 1882 748 post
1912 694 2068 735 dicendi
2098 700 2137 735 et
2163 708 2254 736 sen-

345 768 471 809 tiendi
503 768 625 810 verba
655 774 772 821 φημί,
803 768 959 821 οἴομαι,
989 767 1069 808 alia
1100 767 1290 808 infinitivi
1321 773 1360 808 et
1390 768 1527 808 aoristi
1558 772 1597 808 et
1626 767 1752 808 futuri
1773 773 1999 808 occurrunt.
2051 767 2173 822 Signo
2196 770 2255 824 (*)

345 857 409 884 eos
453 843 557 884 locos
602 848 800 894 notamus,
845 843 893 883 de
938 842 1084 896 quibus
1114 842 1400 882 dubitaverunt
1445 842 1523 881 viri
1569 842 1672 882 docti
1718 842 1767 881 ob
1802 855 1969 895 eamque
2001 855 2085 883 rem
2116 849 2251 897 postea

346 916 496 956 mentio
541 915 619 956 fiet.
682 915 795 955 Inter
840 929 905 955 eos
941 915 1174 967 infinitivos,
1207 915 1277 968 qui
1310 921 1396 968 post
1426 919 1532 966 φημὶ
1561 919 1600 955 et
1632 916 1778 965 οἴομαι
1810 921 2038 968 occurrunt,
2073 916 2250 970 primum

345 990 411 1042 (a)
442 1003 506 1031 eos
536 989 759 1042 afferemus,
791 989 841 1029 ad
871 1003 970 1043 quos
1001 988 1252 1030 accusativus
1284 988 1446 1042 subjecti
1478 988 1560 1029 loco
1591 989 1795 1043 appositus
1826 994 1896 1040 est,
1919 989 2060 1029 deinde
2082 989 2149 1043 (b)
2171 1005 2250 1043 eos,

344 1063 414 1103 ubi
445 1062 509 1103 vel
540 1062 772 1116 subjeetum,
802 1062 908 1116 quod
939 1067 1009 1103 aut
1038 1076 1089 1103 ex
1119 1061 1445 1102 antecedentibus
1475 1068 1545 1102 aut
1565 1076 1614 1103 ex
1638 1063 1899 1117 perpetuitate
1921 1063 2111 1104 orationis
2134 1063 2248 1104 facile

344 1137 518 1190 auditur,
551 1136 741 1178 omissum
772 1142 831 1177 est
863 1136 926 1177 vel
957 1135 1183 1177 infinitivus
1214 1135 1326 1176 verbi
1357 1136 1634 1191 impersonalis
1665 1137 1850 1190 occurrit,
1884 1142 1970 1178 tum
1992 1139 2053 1192 (c)
2075 1152 2152 1192 eos,
2182 1139 2249 1180 ubi

345 1212 565 1266 subjectum
596 1212 800 1265 infinitivi,
833 1216 1044 1266 propterea
1073 1210 1179 1265 quod
1210 1210 1315 1251 idem
1345 1215 1404 1251 est
1434 1216 1555 1265 atque
1589 1212 1698 1252 verbi
1730 1213 1915 1265 regentis,
1948 1213 2158 1253 omittitur.

461 1286 557 1328 Post
588 1292 715 1339 φημί
743 1286 935 1341 (φάσθαι,
969 1286 1155 1339 φάσκειν)
1186 1285 1311 1339 igitur
1341 1286 1531 1327 occurrit:

459 1362 497 1407 1.
558 1362 853 1403 Infinitivus
883 1362 1065 1403 aoristi:

380 1491 388 1499 ⁹
458 1439 504 1491 a)
536 1441 570 1476 Β
604 1439 686 1478 350
733 1441 839 1489 φημὶ
884 1436 966 1489 γάρ
997 1433 1070 1476 οὖν
1101 1439 1344 1476 κατανεῦσαι
1376 1435 1607 1489 ὑπερμενέα
1643 1441 1868 1491 Κρονίωνα,
1900 1441 1937 1478 Γ
1965 1439 2046 1480 393
2082 1436 2175 1479 οὐδὲ
2206 1455 2252 1480 κε

344 1518 461 1565 φαίης
492 1517 502 1562 s
534 1509 650 1566 ἀνδρὶ
692 1512 987 1564 μαχησάμενον
1027 1512 1099 1552 τόν
1128 1510 1167 1563 γ’
1200 1510 1353 1564 ἐλθεῖν,
1399 1515 1435 1551 Ζ
1466 1513 1533 1564 98,
1571 1512 1664 1564 109,
1712 1515 1747 1551 P
1779 1513 1856 1553 28*
1887 1509 2101 1566 εὖφρῆναι,
2155 1517 2252 1567 174,

344 1591 383 1627 Φ
417 1590 512 1641 160,
545 1612 602 1617 -
632 1601 659 1626 α
693 1589 775 1628 220
821 1590 891 1627 τοῦ
928 1587 975 1637 μ’
1007 1586 1052 1627 ἔκ
1083 1601 1184 1638 φασι
1215 1588 1428 1640 γενέσθαι,
1476 1589 1506 1636 β
1541 1588 1646 1627 171*
1677 1592 1746 1627 καὶ
1777 1589 1862 1641 γάρ
1892 1594 2015 1642 κείνῳ
2048 1593 2154 1640 φημὶ
2187 1604 2251 1628 ιε-

279 1694 282 1697 .
341 1663 590 1715 λευιηθῆναι
621 1659 794 1714 ἅπαντα,
836 1677 864 1714 y
887 1664 955 1714 85,
983 1663 1062 1703 125
1096 1659 1189 1702 οὐδέ
1219 1677 1263 1702 κε
1294 1668 1413 1715 φαίης
1444 1666 1455 1712 s
1486 1660 1616 1715 ἄνδρα
1649 1663 1841 1716 νεώτερον
1871 1657 1949 1703 ὦδε
1981 1662 2142 1703 ἐοικότα
2172 1679 2251 1713 μυ-

343 1737 574 1790 θήσασθαι,
615 1740 709 1789 188,
750 1739 847 1790 245,
894 1738 916 1777 δ
951 1739 1048 1790 201,
1089 1738 1186 1786 387,
1235 1738 1269 1777 θ
1303 1737 1410 1777 565*
1442 1734 1722 1790 ἀγάσσασθαι,
1757 1753 1770 1776 ι
1805 1740 1901 1790 504,
1936 1753 1957 1777 ν
1994 1738 2097 1778 173*
2129 1740 2186 1790 (Ξ
2219 1739 2253 1777 θ

344 1814 458 1867 565),
491 1816 512 1861 ξ
547 1814 642 1863 117,
678 1813 774 1864 327,
807 1827 835 1851 π
872 1813 951 1852 143
985 1811 1092 1865 (bis),
1130 1813 1224 1865 144,
1258 1824 1284 1851 σ
1317 1813 1412 1865 128,
1448 1812 1567 1863 342*,
1602 1827 1619 1851 z
1652 1813 1748 1852 296.

455 1886 507 1940 b)
538 1890 577 1927 A
609 1888 690 1926 375
735 1889 827 1939 περὶ
858 1885 891 1925 δ’
924 1885 1067 1926 ἄλλων
1098 1890 1195 1936 φασὶ
1228 1886 1428 1937 γενέσθαι
1459 1887 1528 1939 (sc.
1568 1886 1722 1940 Τυδέα),
1776 1887 1817 1926 Ω
1851 1888 1933 1927 608
1966 1893 2025 1939 φῆ
2056 1887 2156 1927 δοιαὶ
2187 1902 2251 1927 τε-

341 1963 449 2002 κέειν
479 1963 547 2014 (sc.
582 1961 731 2015 Ληιαὶ),
765 1961 799 2000 θ
832 1963 914 2001 520
945 1961 1062 2015 (subj.
1093 1958 1302 2013 Ὀδυσσέα),
1330 1977 1359 2012 χ
1391 1963 1443 2001 32
1476 1961 1592 2014 (subj.
1619 1958 1836 2013 Ὀδυσσέα).

459 2038 503 2090 (3)
533 2040 568 2076 A
601 2038 684 2076 398
731 2035 897 2088 ἔφησθα
939 2036 1170 2087 κελαινεφέι
1213 2040 1417 2088 Κρονίωνι
1448 2040 1459 2086 l
1490 2036 1554 2087 οἴη
1585 2034 1628 2074 ἐν
1659 2033 1905 2075 ἀθανάτοισι
1938 2032 2076 2075 ἀεικέα
2106 2036 2252 2087 λοιγὸν

342 2108 512 2162 ἀμῦναι,
559 2116 594 2151 Ζ
626 2114 721 2163 185,
757 2113 853 2164 206,
889 2112 970 2151 285
1003 2116 1126 2162 φαίην
1156 2125 1201 2150 κε
1233 2110 1342 2163 φρέν’
1374 2108 1545 2163 ἀτέρπου
1575 2108 1703 2157 ὀιζύος
1725 2109 2048 2158 ἐκλελαθέσθαι,
2094 2113 2130 2150 Θ
2154 2112 2250 2162 239,

348 2189 381 2226 Υ
411 2188 505 2238 187,
543 2212 593 2216 ——
625 2185 647 2226 δ
682 2188 759 2226 141
810 2182 858 2225 οὗ
902 2186 982 2239 γάρ
1028 2186 1095 2225 πώ
1131 2185 1220 2225 τινά
1256 2200 1367 2237 φημι
1397 2184 1556 2225 ἐοικότα
1586 2179 1668 2225 ὦδε
1701 2184 1878 2238 ἰδέσθαι,
1928 2184 2048 2237 504*,
2097 2199 2118 2237 η
2153 2186 2249 2237 239,

341 2277 355 2300 ι
386 2260 496 2301 496*
526 2257 711 2310 ὀλέσθαι,
758 2262 783 2300 2
816 2262 912 2313 306,
959 2276 993 2312 μ
1028 2262 1125 2313 390,
1172 2264 1194 2309 ξ
1227 2262 1308 2300 322
1337 2260 1445 2313 (bis),
1480 2262 1576 2313 382,
1614 2276 1642 2300 :1
1677 2262 1744 2312 63,
1778 2274 1800 2312 ρ
1836 2262 1931 2312 115,
1970 2261 2063 2312 142,
2100 2275 2123 2299 τ
2151 2261 2246 2307 380,

335 2350 364 2386 χ
397 2336 481 2375 314
512 2335 618 2388 (bis).

454 2410 608 2450 Aoristi
640 2409 865 2450 infinitivus
896 2424 985 2450 eum
1019 2410 1070 2450 ἄν
1101 2410 1149 2450 ad
1183 2410 1515 2464 significationem
1547 2410 1672 2450 futuri
1705 2409 1895 2449 infinitivi
1919 2422 2040 2463 prope
2061 2409 2250 2449 accedens

339 2485 511 2525 occurrit
557 2484 579 2525 I
613 2486 697 2526 684
744 2489 813 2525 καὶ
850 2484 882 2525 δ’
916 2483 968 2525 ἂν
998 2489 1079 2527 τοῖς
1110 2484 1301 2527 ἄλλοισιν
1333 2485 1408 2539 ἔφη
1438 2486 1834 2541 παραμυθήσασθαι
1866 2485 2042 2540 optativo
2073 2499 2164 2526 eum
2198 2483 2249 2525 ἄν

339 2559 360 2599 Ι
391 2562 474 2600 417
507 2564 576 2600 καὶ
606 2560 640 2600 δ’
671 2558 723 2600 ἄν
755 2564 837 2601 τοῖς
868 2560 1057 2601 ἄλλοισιν
1087 2560 1170 2612 ἐγώ
1200 2563 1591 2615 παραμυθησαίμην
1623 2561 1877 2616 respondens.

452 2635 494 2681 2.
555 2636 838 2677 Infinitivus
868 2637 1041 2678 futuri:

452 2715 499 2766 a)
529 2715 564 2751 E
599 2715 681 2753 104
715 2709 806 2752 οὐδὲ
838 2713 864 2752 ἕ
887 2728 993 2764 φημι
1025 2719 1036 2762 J
1066 2713 1166 2766 δήθ’
1197 2710 1477 2765 ἀνσχήσεσθαι
1508 2714 1708 2766 κρατερᾶν
1739 2712 1874 2761 βέλος,
1912 2712 2005 2762 120,
2034 2711 2127 2761 190,
2148 2710 2248 2758 653,

338 2793 372 2828 Ζ
403 2790 500 2841 502,
547 2790 592 2827 H
622 2790 717 2840 118,
770 2792 810 2828 K
833 2790 937 2842 (51),
972 2789 1069 2841 331,
1105 2790 1201 2840 371,
1249 2790 1284 2828 Λ
1317 2789 1415 2840 444,
1450 2790 1547 2839 500,
1595 2789 1645 2826 Μ
1678 2788 1757 2826 126
1791 2785 1898 2838 (bis),
1940 2786 2030 2836 166,
2073 2786 2117 2822 N
2151 2785 2248 2835 100,

439 2909 450 2929 ¹
480 2909 549 2943 Gfr.
590 2910 742 2953 Madvig.
782 2910 870 2944 Adv.
904 2908 988 2943 crit.
1016 2909 1042 2942 Ι.
1069 2921 1102 2952 p.
1132 2907 1197 2941 171
1230 2928 1270 2933 —-
1301 2928 1346 2932 -—
1372 2919 1457 2950 quos
1485 2906 1538 2952 (==
1565 2907 1739 2949 gnomicos
1766 2906 1929 2948 aoristos)
1956 2905 2077 2936 vellem
2103 2904 2247 2936 dixisset

338 2966 588 3011 (Hermannus)
615 2968 674 3001 ubi
700 2967 871 3000 infinitivo
897 2966 997 2999 modo
1022 2966 1248 3011 repperisset3
1275 2968 1352 2998 tota
1378 2965 1467 2998 enim
1493 2965 1562 2997 haec
1589 2965 1699 2997 forma
1725 2963 1958 2996 narrationem
1990 2961 2039 2994 rei
2065 2965 2247 3005 tamquam

292 3038 294 3040 ’
336 3026 435 3059 factae
460 3038 525 3070 pro
553 3028 723 3060 sententia
749 3026 904 3069 generali
931 3026 1144 3059 substituens
1171 3030 1270 3059 rectae
1297 3025 1463 3057 orationis
1490 3024 1633 3067 propria
1659 3027 1723 3056 est.
